<?xml version="1.0" encoding="UTF-8"?>
<!DOCTYPE html PUBLIC "-//W3C//DTD XHTML 1.0 Transitional//EN"
    "http://www.w3.org/TR/xhtml1/DTD/xhtml1-transitional.dtd">
<html xmlns="http://www.w3.org/1999/xhtml" xml:lang="en" lang="en">
 <head>
  <title>
</title>
<meta http-equiv="Content-Type" content="text/html;charset=utf-8" />
  <meta name='ocr-system' content='tesseract 3.04.00' />
  <meta name='ocr-capabilities' content='ocr_page ocr_carea ocr_par ocr_line ocrx_word'/>
</head>
<body>
  <div class='ocr_page' id='page_1' title='image "./codexdiplomatic04zakrgoog_0649.png"; bbox 0 0 4675 7067; ppageno 0'>
   <div class='ocr_carea' id='block_1_1' title="bbox 1868 789 1939 864">
    <p class='ocr_par' dir='ltr' id='par_1_1' title="bbox 1868 789 1939 864">
     <span class='ocr_line' id='line_1_1' title="bbox 1868 789 1939 864; baseline -0.028 0"><span class='ocrx_word' id='word_1_1' title='bbox 1868 789 1939 864; x_wconf 82' lang='lat'>599</span> 
     </span>
    </p>
   </div>
   <div class='ocr_carea' id='block_1_2' title="bbox 403 992 1953 5693">
    <p class='ocr_par' dir='ltr' id='par_1_2' title="bbox 403 992 1953 5693">
     <span class='ocr_line' id='line_1_2' title="bbox 422 992 1941 1076; baseline -0.004 -15"><span class='ocrx_word' id='word_1_2' title='bbox 422 995 498 1062; x_wconf 89' lang='lat' dir='ltr'>creti</span> <span class='ocrx_word' id='word_1_3' title='bbox 520 993 694 1060; x_wconf 89' lang='lat' dir='ltr'>huiusmodi</span> <span class='ocrx_word' id='word_1_4' title='bbox 716 993 819 1059; x_wconf 78' lang='lat' dir='ltr'><strong>forsan</strong></span> <span class='ocrx_word' id='word_1_5' title='bbox 842 994 950 1076; x_wconf 85' lang='lat' dir='ltr'>ignari,</span> <span class='ocrx_word' id='word_1_6' title='bbox 974 999 1005 1059; x_wconf 93' lang='lat' dir='ltr'>te</span> <span class='ocrx_word' id='word_1_7' title='bbox 1028 1000 1101 1058; x_wconf 89' lang='lat' dir='ltr'>tune</span> <span class='ocrx_word' id='word_1_8' title='bbox 1122 993 1302 1059; x_wconf 90' lang='lat' dir='ltr'>canonicum</span> <span class='ocrx_word' id='word_1_9' title='bbox 1325 993 1460 1059; x_wconf 90' lang='lat' dir='ltr'>eiusdem</span> <span class='ocrx_word' id='word_1_10' title='bbox 1483 993 1609 1060; x_wconf 75' lang='lat' dir='ltr'>ecclesie</span> <span class='ocrx_word' id='word_1_11' title='bbox 1635 993 1665 1056; x_wconf 93' lang='lat' dir='ltr'>in</span> <span class='ocrx_word' id='word_1_12' title='bbox 1685 993 1861 1074; x_wconf 91' lang='lat' dir='ltr'>episcopum</span> <span class='ocrx_word' id='word_1_13' title='bbox 1884 992 1941 1056; x_wconf 92' lang='lat' dir='ltr'>Po·</span> 
     </span>
     <span class='ocr_line' id='line_1_3' title="bbox 424 1094 1943 1178; baseline -0.003 -14"><span class='ocrx_word' id='word_1_14' title='bbox 424 1099 629 1177; x_wconf 87' lang='lat' dir='ltr'>znaniensem,</span> <span class='ocrx_word' id='word_1_15' title='bbox 651 1097 724 1163; x_wconf 90' lang='lat' dir='ltr'>licet</span> <span class='ocrx_word' id='word_1_16' title='bbox 745 1097 784 1161; x_wconf 89' lang='lat' dir='ltr'>de</span> <span class='ocrx_word' id='word_1_17' title='bbox 804 1096 896 1178; x_wconf 90' lang='lat' dir='ltr'>facto,</span> <span class='ocrx_word' id='word_1_18' title='bbox 921 1096 1113 1162; x_wconf 87' lang='lat' dir='ltr'>concorditer</span> <span class='ocrx_word' id='word_1_19' title='bbox 1141 1096 1308 1177; x_wconf 87' lang='lat' dir='ltr'>elegemnt,</span> <span class='ocrx_word' id='word_1_20' title='bbox 1339 1103 1442 1178; x_wconf 83' lang='lat' dir='ltr'>tuque,</span> <span class='ocrx_word' id='word_1_21' title='bbox 1473 1096 1639 1161; x_wconf 90' lang='lat' dir='ltr'>eorundem</span> <span class='ocrx_word' id='word_1_22' title='bbox 1658 1094 1774 1160; x_wconf 80' lang='lat' dir='ltr'>decreti</span> <span class='ocrx_word' id='word_1_23' title='bbox 1795 1101 1827 1160; x_wconf 89' lang='lat' dir='ltr'>et</span> <span class='ocrx_word' id='word_1_24' title='bbox 1845 1114 1943 1161; x_wconf 88' lang='lat' dir='ltr'>reser-</span> 
     </span>
     <span class='ocr_line' id='line_1_4' title="bbox 421 1198 1943 1280; baseline -0.001 -16"><span class='ocrx_word' id='word_1_25' title='bbox 421 1202 556 1267; x_wconf 89' lang='lat' dir='ltr'>vacionis</span> <span class='ocrx_word' id='word_1_26' title='bbox 579 1206 614 1265; x_wconf 91' lang='lat' dir='ltr'>ut</span> <span class='ocrx_word' id='word_1_27' title='bbox 632 1201 744 1264; x_wconf 87' lang='lat' dir='ltr'>asseris</span> <span class='ocrx_word' id='word_1_28' title='bbox 766 1200 889 1279; x_wconf 74' lang='lat' dir='ltr'>inscius</span> <span class='ocrx_word' id='word_1_29' title='bbox 920 1200 1064 1265; x_wconf 86' lang='lat' dir='ltr'>eleccioni</span> <span class='ocrx_word' id='word_1_30' title='bbox 1087 1199 1261 1264; x_wconf 89' lang='lat' dir='ltr'>huiusmodi</span> <span class='ocrx_word' id='word_1_31' title='bbox 1291 1204 1379 1263; x_wconf 91' lang='lat' dir='ltr'>tuum</span> <span class='ocrx_word' id='word_1_32' title='bbox 1406 1204 1548 1280; x_wconf 87' lang='lat' dir='ltr'>prestans</span> <span class='ocrx_word' id='word_1_33' title='bbox 1570 1216 1739 1275; x_wconf 83' lang='lat' dir='ltr'>assensum,</span> <span class='ocrx_word' id='word_1_34' title='bbox 1759 1198 1943 1262; x_wconf 85' lang='lat' dir='ltr'>eleccionem</span> 
     </span>
     <span class='ocr_line' id='line_1_5' title="bbox 422 1299 1943 1384; baseline -0.003 -16"><span class='ocrx_word' id='word_1_35' title='bbox 422 1303 549 1368; x_wconf 89' lang='lat' dir='ltr'>eandem</span> <span class='ocrx_word' id='word_1_36' title='bbox 579 1301 785 1367; x_wconf 89' lang='lat' dir='ltr'>avenerabili</span> <span class='ocrx_word' id='word_1_37' title='bbox 816 1301 911 1366; x_wconf 90' lang='lat' dir='ltr'>fratre</span> <span class='ocrx_word' id='word_1_38' title='bbox 946 1307 1051 1366; x_wconf 88' lang='lat' dir='ltr'>nostro</span> <span class='ocrx_word' id='word_1_39' title='bbox 1064 1353 1093 1366; x_wconf 91' lang='lat'>..</span> <span class='ocrx_word' id='word_1_40' title='bbox 1125 1302 1354 1384; x_wconf 89' lang='lat' dir='ltr'>archiepiscopo</span> <span class='ocrx_word' id='word_1_41' title='bbox 1389 1300 1572 1378; x_wconf 87' lang='lat' dir='ltr'>Grreznensi,</span> <span class='ocrx_word' id='word_1_42' title='bbox 1605 1300 1664 1364; x_wconf 92' lang='lat' dir='ltr'>loci</span> <span class='ocrx_word' id='word_1_43' title='bbox 1694 1299 1943 1382; x_wconf 88' lang='lat' dir='ltr'>metropolitano,</span> 
     </span>
     <span class='ocr_line' id='line_1_6' title="bbox 422 1401 1944 1482; baseline -0.002 -13"><span class='ocrx_word' id='word_1_44' title='bbox 422 1405 588 1470; x_wconf 87' lang='lat' dir='ltr'>eorundem</span> <span class='ocrx_word' id='word_1_45' title='bbox 611 1404 830 1471; x_wconf 87' lang='lat' dir='ltr'>reservacionis</span> <span class='ocrx_word' id='word_1_46' title='bbox 852 1411 884 1468; x_wconf 93' lang='lat' dir='ltr'>et</span> <span class='ocrx_word' id='word_1_47' title='bbox 903 1404 1019 1469; x_wconf 88' lang='lat' dir='ltr'>decreti</span> <span class='ocrx_word' id='word_1_48' title='bbox 1041 1411 1076 1468; x_wconf 91' lang='lat' dir='ltr'>ut</span> <span class='ocrx_word' id='word_1_49' title='bbox 1097 1405 1248 1469; x_wconf 89' lang='lat' dir='ltr'>asseritur</span> <span class='ocrx_word' id='word_1_50' title='bbox 1274 1403 1417 1468; x_wconf 82' lang='lat' dir='ltr'>similiter</span> <span class='ocrx_word' id='word_1_51' title='bbox 1439 1403 1544 1482; x_wconf 89' lang='lat' dir='ltr'>inscio,</span> <span class='ocrx_word' id='word_1_52' title='bbox 1575 1401 1735 1468; x_wconf 86' lang='lat' dir='ltr'>obtinuisti</span> <span class='ocrx_word' id='word_1_53' title='bbox 1758 1403 1944 1468; x_wconf 88' lang='lat' dir='ltr'>auctoritate</span> 
     </span>
     <span class='ocr_line' id='line_1_7' title="bbox 421 1504 1943 1590; baseline -0.003 -18"><span class='ocrx_word' id='word_1_54' title='bbox 421 1508 648 1590; x_wconf 89' lang='lat' dir='ltr'>metropolitica</span> <span class='ocrx_word' id='word_1_55' title='bbox 669 1507 843 1573; x_wconf 90' lang='lat' dir='ltr'>confirmari</span> <span class='ocrx_word' id='word_1_56' title='bbox 865 1507 982 1589; x_wconf 88' lang='lat' dir='ltr'>tibique</span> <span class='ocrx_word' id='word_1_57' title='bbox 1004 1525 1116 1572; x_wconf 90' lang='lat' dir='ltr'>munus</span> <span class='ocrx_word' id='word_1_58' title='bbox 1137 1507 1379 1573; x_wconf 82' lang='lat' dir='ltr'>consecracionis</span> <span class='ocrx_word' id='word_1_59' title='bbox 1398 1506 1542 1588; x_wconf 87' lang='lat' dir='ltr'>impendi,</span> <span class='ocrx_word' id='word_1_60' title='bbox 1566 1511 1658 1587; x_wconf 87' lang='lat' dir='ltr'>teque</span> <span class='ocrx_word' id='word_1_61' title='bbox 1680 1504 1943 1571; x_wconf 88' lang='lat' dir='ltr'>administracioni</span> 
     </span>
     <span class='ocr_line' id='line_1_8' title="bbox 421 1608 1943 1692; baseline -0.001 -19"><span class='ocrx_word' id='word_1_62' title='bbox 421 1609 627 1692; x_wconf 81' lang='lat' dir='ltr'>spiritualium</span> <span class='ocrx_word' id='word_1_63' title='bbox 650 1617 682 1674; x_wconf 89' lang='grc'>11</span> <span class='ocrx_word' id='word_1_64' title='bbox 704 1608 919 1692; x_wconf 89' lang='lat' dir='ltr'>temporalium</span> <span class='ocrx_word' id='word_1_65' title='bbox 941 1610 1077 1674; x_wconf 90' lang='lat' dir='ltr'>eiusdem</span> <span class='ocrx_word' id='word_1_66' title='bbox 1094 1609 1220 1674; x_wconf 86' lang='lat' dir='ltr'>ecclesie</span> <span class='ocrx_word' id='word_1_67' title='bbox 1240 1610 1404 1691; x_wconf 90' lang='lat' dir='ltr'>ingessisti.</span> <span class='ocrx_word' id='word_1_68' title='bbox 1443 1608 1569 1690; x_wconf 88' lang='lat' dir='ltr'>Nosque</span> <span class='ocrx_word' id='word_1_69' title='bbox 1590 1608 1765 1673; x_wconf 87' lang='lat' dir='ltr'>huiusmodi</span> <span class='ocrx_word' id='word_1_70' title='bbox 1781 1609 1943 1673; x_wconf 83' lang='lat' dir='ltr'>vocacione</span> 
     </span>
     <span class='ocr_line' id='line_1_9' title="bbox 423 1710 1945 1793; baseline -0.001 -18"><span class='ocrx_word' id='word_1_71' title='bbox 423 1711 582 1793; x_wconf 89' lang='lat' dir='ltr'>fidedignis</span> <span class='ocrx_word' id='word_1_72' title='bbox 605 1712 754 1777; x_wconf 88' lang='lat' dir='ltr'>relatibus</span> <span class='ocrx_word' id='word_1_73' title='bbox 776 1710 942 1788; x_wconf 89' lang='lat' dir='ltr'>intellecta,</span> <span class='ocrx_word' id='word_1_74' title='bbox 973 1713 1012 1776; x_wconf 92' lang='lat' dir='ltr'>de</span> <span class='ocrx_word' id='word_1_75' title='bbox 1041 1730 1172 1793; x_wconf 89' lang='lat' dir='ltr'>persona</span> <span class='ocrx_word' id='word_1_76' title='bbox 1203 1711 1386 1777; x_wconf 90' lang='lat' dir='ltr'>venerabilis</span> <span class='ocrx_word' id='word_1_77' title='bbox 1416 1710 1521 1776; x_wconf 90' lang='lat' dir='ltr'>fratris</span> <span class='ocrx_word' id='word_1_78' title='bbox 1541 1710 1639 1775; x_wconf 90' lang='lat' dir='ltr'>nostri</span> <span class='ocrx_word' id='word_1_79' title='bbox 1666 1711 1789 1774; x_wconf 80' lang='lat' dir='ltr'>Andree</span> <span class='ocrx_word' id='word_1_80' title='bbox 1810 1710 1945 1792; x_wconf 85' lang='lat' dir='ltr'>episcopi</span> 
     </span>
     <span class='ocr_line' id='line_1_10' title="bbox 426 1812 1945 1896; baseline -0.003 -17"><span class='ocrx_word' id='word_1_81' title='bbox 426 1815 638 1895; x_wconf 89' lang='lat' dir='ltr'>Zwerinensis,</span> <span class='ocrx_word' id='word_1_82' title='bbox 660 1822 733 1879; x_wconf 87' lang='lat' dir='ltr'>tunc</span> <span class='ocrx_word' id='word_1_83' title='bbox 754 1815 903 1896; x_wconf 88' lang='lat' dir='ltr'>prepositi</span> <span class='ocrx_word' id='word_1_84' title='bbox 925 1815 1007 1879; x_wconf 90' lang='lat' dir='ltr'>dicte</span> <span class='ocrx_word' id='word_1_85' title='bbox 1029 1815 1155 1880; x_wconf 89' lang='lat' dir='ltr'>ecclesie</span> <span class='ocrx_word' id='word_1_86' title='bbox 1177 1815 1405 1893; x_wconf 88' lang='lat' dir='ltr'>Poznaniensis,</span> <span class='ocrx_word' id='word_1_87' title='bbox 1429 1813 1526 1878; x_wconf 91' lang='lat' dir='ltr'>eidem</span> <span class='ocrx_word' id='word_1_88' title='bbox 1550 1813 1686 1892; x_wconf 89' lang='lat' dir='ltr'>ecclesie,</span> <span class='ocrx_word' id='word_1_89' title='bbox 1709 1813 1747 1878; x_wconf 87' lang='lat' dir='ltr'>de</span> <span class='ocrx_word' id='word_1_90' title='bbox 1761 1832 1824 1894; x_wconf 91' lang='lat' dir='ltr'>qua</span> <span class='ocrx_word' id='word_1_91' title='bbox 1842 1812 1945 1877; x_wconf 94' lang='lat' dir='ltr'>nullus</span> 
     </span>
     <span class='ocr_line' id='line_1_11' title="bbox 422 1914 1944 1999; baseline -0.003 -17"><span class='ocrx_word' id='word_1_92' title='bbox 422 1924 525 1999; x_wconf 90' lang='lat' dir='ltr'>preter</span> <span class='ocrx_word' id='word_1_93' title='bbox 547 1937 602 1983; x_wconf 91' lang='lat' dir='ltr'>nos</span> <span class='ocrx_word' id='word_1_94' title='bbox 624 1937 660 1982; x_wconf 90' lang='lat' dir='ltr'>ea</span> <span class='ocrx_word' id='word_1_95' title='bbox 681 1918 746 1982; x_wconf 91' lang='lat' dir='ltr'>vice</span> <span class='ocrx_word' id='word_1_96' title='bbox 767 1917 928 1998; x_wconf 86' lang='lat' dir='ltr'>disponere</span> <span class='ocrx_word' id='word_1_97' title='bbox 950 1923 1074 1998; x_wconf 88' lang='lat' dir='ltr'>poterat</span> <span class='ocrx_word' id='word_1_98' title='bbox 1092 1918 1303 1981; x_wconf 87' lang='lat' dir='ltr'>reservacione</span> <span class='ocrx_word' id='word_1_99' title='bbox 1319 1922 1350 1981; x_wconf 92' lang='grc'>11</span> <span class='ocrx_word' id='word_1_100' title='bbox 1370 1916 1492 1981; x_wconf 89' lang='lat' dir='ltr'>decreto</span> <span class='ocrx_word' id='word_1_101' title='bbox 1507 1915 1727 1980; x_wconf 88' lang='lat' dir='ltr'>obsistentibus</span> <span class='ocrx_word' id='word_1_102' title='bbox 1749 1914 1944 1996; x_wconf 90' lang='lat' dir='ltr'>supradictis,</span> 
     </span>
     <span class='ocr_line' id='line_1_12' title="bbox 421 2017 1946 2101; baseline -0.003 -17"><span class='ocrx_word' id='word_1_103' title='bbox 421 2020 607 2084; x_wconf 86' lang='lat' dir='ltr'>auctoritate</span> <span class='ocrx_word' id='word_1_104' title='bbox 636 2019 807 2101; x_wconf 85' lang='lat' dir='ltr'>apostolica</span> <span class='ocrx_word' id='word_1_105' title='bbox 838 2018 980 2083; x_wconf 81' lang='lat' dir='ltr'>duximus</span> <span class='ocrx_word' id='word_1_106' title='bbox 1015 2019 1246 2101; x_wconf 91' lang='lat' dir='ltr'>providendum,</span> <span class='ocrx_word' id='word_1_107' title='bbox 1280 2017 1463 2100; x_wconf 87' lang='lat' dir='ltr'>preficiendo</span> <span class='ocrx_word' id='word_1_108' title='bbox 1496 2037 1566 2083; x_wconf 91' lang='lat' dir='ltr'>eum</span> <span class='ocrx_word' id='word_1_109' title='bbox 1599 2017 1736 2100; x_wconf 90' lang='lat' dir='ltr'>predicte</span> <span class='ocrx_word' id='word_1_110' title='bbox 1766 2018 1892 2082; x_wconf 87' lang='lat' dir='ltr'>ecclesie</span> <span class='ocrx_word' id='word_1_111' title='bbox 1913 2017 1946 2080; x_wconf 94' lang='grc'>10</span> 
     </span>
     <span class='ocr_line' id='line_1_13' title="bbox 422 2119 1946 2205; baseline -0.003 -19"><span class='ocrx_word' id='word_1_112' title='bbox 422 2122 600 2205; x_wconf 88' lang='lat' dir='ltr'>episcopum</span> <span class='ocrx_word' id='word_1_113' title='bbox 621 2126 653 2185; x_wconf 94' lang='lat' dir='ltr'>et</span> <span class='ocrx_word' id='word_1_114' title='bbox 675 2126 844 2201; x_wconf 79' lang='lat' dir='ltr'>pastorem3</span> <span class='ocrx_word' id='word_1_115' title='bbox 868 2128 900 2185; x_wconf 90' lang='grc'>11</span> <span class='ocrx_word' id='word_1_116' title='bbox 922 2121 1046 2185; x_wconf 89' lang='lat' dir='ltr'>tandem</span> <span class='ocrx_word' id='word_1_117' title='bbox 1069 2120 1190 2202; x_wconf 89' lang='lat' dir='ltr'>prefata</span> <span class='ocrx_word' id='word_1_118' title='bbox 1218 2122 1347 2186; x_wconf 89' lang='lat' dir='ltr'>ecclesia</span> <span class='ocrx_word' id='word_1_119' title='bbox 1375 2121 1576 2184; x_wconf 84' lang='lat' dir='ltr'>Poznaniensi</span> <span class='ocrx_word' id='word_1_120' title='bbox 1607 2139 1644 2184; x_wconf 87' lang='grc'>11</span> <span class='ocrx_word' id='word_1_121' title='bbox 1670 2138 1705 2184; x_wconf 88' lang='lat' dir='ltr'>eo</span> <span class='ocrx_word' id='word_1_122' title='bbox 1728 2119 1809 2202; x_wconf 90' lang='lat' dir='ltr'>apud</span> <span class='ocrx_word' id='word_1_123' title='bbox 1832 2119 1946 2183; x_wconf 88' lang='lat' dir='ltr'>dictam</span> 
     </span>
     <span class='ocr_line' id='line_1_14' title="bbox 423 2220 1947 2305; baseline -0.003 -16"><span class='ocrx_word' id='word_1_124' title='bbox 423 2224 532 2289; x_wconf 90' lang='lat' dir='ltr'>Sedem</span> <span class='ocrx_word' id='word_1_125' title='bbox 552 2232 689 2302; x_wconf 89' lang='lat' dir='ltr'>vacante,</span> <span class='ocrx_word' id='word_1_126' title='bbox 712 2223 793 2304; x_wconf 91' lang='lat' dir='ltr'>quod</span> <span class='ocrx_word' id='word_1_127' title='bbox 812 2242 868 2287; x_wconf 88' lang='lat' dir='ltr'>nos</span> <span class='ocrx_word' id='word_1_128' title='bbox 890 2222 1043 2304; x_wconf 89' lang='lat' dir='ltr'>prefatum</span> <span class='ocrx_word' id='word_1_129' title='bbox 1070 2224 1224 2288; x_wconf 75' lang='lat' dir='ltr'>Andrean</span> <span class='ocrx_word' id='word_1_130' title='bbox 1246 2242 1265 2287; x_wconf 89' lang='lat' dir='ltr'>a</span> <span class='ocrx_word' id='word_1_131' title='bbox 1291 2224 1412 2288; x_wconf 89' lang='lat' dir='ltr'>vinculo</span> <span class='ocrx_word' id='word_1_132' title='bbox 1436 2242 1496 2305; x_wconf 92' lang='lat' dir='ltr'>quo</span> <span class='ocrx_word' id='word_1_133' title='bbox 1519 2223 1617 2288; x_wconf 90' lang='lat' dir='ltr'>eidem</span> <span class='ocrx_word' id='word_1_134' title='bbox 1632 2222 1833 2287; x_wconf 87' lang='lat' dir='ltr'>Poznaniensi</span> <span class='ocrx_word' id='word_1_135' title='bbox 1852 2220 1947 2287; x_wconf 87' lang='lat' dir='ltr'>eccle·</span> 
     </span>
     <span class='ocr_line' id='line_1_15' title="bbox 403 2324 1947 2417; baseline -0.001 -27"><span class='ocrx_word' id='word_1_136' title='bbox 403 2327 467 2417; x_wconf 70' lang='lat' dir='ltr'>,sie</span> <span class='ocrx_word' id='word_1_137' title='bbox 489 2326 652 2391; x_wconf 82' lang='lat' dir='ltr'>tenebatur</span> <span class='ocrx_word' id='word_1_138' title='bbox 673 2325 858 2390; x_wconf 88' lang='lat' dir='ltr'>auctoritate</span> <span class='ocrx_word' id='word_1_139' title='bbox 879 2326 1049 2407; x_wconf 89' lang='lat' dir='ltr'>apostolica</span> <span class='ocrx_word' id='word_1_140' title='bbox 1069 2326 1274 2407; x_wconf 71' lang='lat' dir='ltr'>absolventes</span> <span class='ocrx_word' id='word_1_141' title='bbox 1298 2328 1398 2408; x_wconf 90' lang='lat' dir='ltr'>ipsum</span> <span class='ocrx_word' id='word_1_142' title='bbox 1418 2326 1500 2408; x_wconf 89' lang='lat' dir='ltr'>apud</span> <span class='ocrx_word' id='word_1_143' title='bbox 1522 2324 1636 2389; x_wconf 89' lang='lat' dir='ltr'>dictam</span> <span class='ocrx_word' id='word_1_144' title='bbox 1666 2324 1774 2389; x_wconf 88' lang='lat' dir='ltr'>Sedem</span> <span class='ocrx_word' id='word_1_145' title='bbox 1797 2325 1947 2388; x_wconf 90' lang='lat' dir='ltr'>constitu·</span> 
     </span>
     <span class='ocr_line' id='line_1_16' title="bbox 423 2427 1947 2510; baseline -0.003 -16"><span class='ocrx_word' id='word_1_146' title='bbox 423 2435 490 2494; x_wconf 93' lang='lat' dir='ltr'>tum</span> <span class='ocrx_word' id='word_1_147' title='bbox 512 2428 550 2493; x_wconf 93' lang='lat' dir='ltr'>ad</span> <span class='ocrx_word' id='word_1_148' title='bbox 573 2429 793 2493; x_wconf 88' lang='lat' dir='ltr'>Swerinensem</span> <span class='ocrx_word' id='word_1_149' title='bbox 816 2428 975 2492; x_wconf 90' lang='lat' dir='ltr'>ecclesiam</span> <span class='ocrx_word' id='word_1_150' title='bbox 999 2433 1072 2493; x_wconf 89' lang='lat' dir='ltr'>tunc</span> <span class='ocrx_word' id='word_1_151' title='bbox 1094 2436 1255 2495; x_wconf 85' lang='lat' dir='ltr'>vacantem</span> <span class='ocrx_word' id='word_1_152' title='bbox 1277 2430 1384 2494; x_wconf 89' lang='lat' dir='ltr'>eadem</span> <span class='ocrx_word' id='word_1_153' title='bbox 1406 2429 1575 2510; x_wconf 88' lang='lat' dir='ltr'>apostolica</span> <span class='ocrx_word' id='word_1_154' title='bbox 1597 2429 1783 2492; x_wconf 84' lang='lat' dir='ltr'>anctoritate</span> <span class='ocrx_word' id='word_1_155' title='bbox 1804 2427 1947 2491; x_wconf 82' lang='lat' dir='ltr'>duximus</span> 
     </span>
     <span class='ocr_line' id='line_1_17' title="bbox 423 2530 1945 2613; baseline -0.003 -17"><span class='ocrx_word' id='word_1_156' title='bbox 423 2531 667 2597; x_wconf 88' lang='lat' dir='ltr'>transferendum</span> <span class='ocrx_word' id='word_1_157' title='bbox 689 2530 873 2613; x_wconf 89' lang='lat' dir='ltr'>preficiendo</span> <span class='ocrx_word' id='word_1_158' title='bbox 897 2550 966 2595; x_wconf 91' lang='lat' dir='ltr'>eum</span> <span class='ocrx_word' id='word_1_159' title='bbox 988 2530 1106 2612; x_wconf 87' lang='lat' dir='ltr'>prefate</span> <span class='ocrx_word' id='word_1_160' title='bbox 1129 2531 1313 2597; x_wconf 89' lang='lat' dir='ltr'>Swerineusi</span> <span class='ocrx_word' id='word_1_161' title='bbox 1332 2532 1458 2597; x_wconf 89' lang='lat' dir='ltr'>ecclesie</span> <span class='ocrx_word' id='word_1_162' title='bbox 1480 2531 1511 2594; x_wconf 89' lang='lat' dir='ltr'>in</span> <span class='ocrx_word' id='word_1_163' title='bbox 1534 2531 1713 2611; x_wconf 88' lang='lat' dir='ltr'>episcopum</span> <span class='ocrx_word' id='word_1_164' title='bbox 1726 2536 1758 2592; x_wconf 90' lang='grc'>11</span> <span class='ocrx_word' id='word_1_165' title='bbox 1779 2533 1945 2610; x_wconf 90' lang='lat' dir='ltr'>pastorem,</span> 
     </span>
     <span class='ocr_line' id='line_1_18' title="bbox 424 2630 1946 2708; baseline -0.003 -11"><span class='ocrx_word' id='word_1_166' title='bbox 424 2653 479 2698; x_wconf 93' lang='lat' dir='ltr'>nos</span> <span class='ocrx_word' id='word_1_167' title='bbox 501 2635 683 2699; x_wconf 89' lang='lat' dir='ltr'>eleccionem</span> <span class='ocrx_word' id='word_1_168' title='bbox 703 2639 735 2698; x_wconf 91' lang='lat' dir='ltr'>et</span> <span class='ocrx_word' id='word_1_169' title='bbox 757 2634 1022 2699; x_wconf 90' lang='lat' dir='ltr'>confirmacionem</span> <span class='ocrx_word' id='word_1_170' title='bbox 1044 2634 1219 2698; x_wconf 89' lang='lat' dir='ltr'>huiusmodi</span> <span class='ocrx_word' id='word_1_171' title='bbox 1239 2633 1279 2698; x_wconf 88' lang='lat' dir='ltr'>ad</span> <span class='ocrx_word' id='word_1_172' title='bbox 1307 2639 1444 2697; x_wconf 89' lang='lat' dir='ltr'>nostram</span> <span class='ocrx_word' id='word_1_173' title='bbox 1467 2632 1591 2697; x_wconf 87' lang='lat' dir='ltr'>iuterim</span> <span class='ocrx_word' id='word_1_174' title='bbox 1621 2631 1769 2695; x_wconf 91' lang='lat' dir='ltr'>deductas</span> <span class='ocrx_word' id='word_1_175' title='bbox 1791 2630 1946 2708; x_wconf 89' lang='lat' dir='ltr'>noticiam,</span> 
     </span>
     <span class='ocr_line' id='line_1_19' title="bbox 423 2733 1948 2819; baseline -0.003 -18"><span class='ocrx_word' id='word_1_176' title='bbox 423 2743 531 2819; x_wconf 89' lang='lat' dir='ltr'>utpote</span> <span class='ocrx_word' id='word_1_177' title='bbox 554 2743 624 2818; x_wconf 92' lang='lat' dir='ltr'>post</span> <span class='ocrx_word' id='word_1_178' title='bbox 645 2742 678 2802; x_wconf 88' lang='lat' dir='ltr'>et</span> <span class='ocrx_word' id='word_1_179' title='bbox 698 2744 805 2801; x_wconf 88' lang='lat' dir='ltr'>contra</span> <span class='ocrx_word' id='word_1_180' title='bbox 827 2737 1068 2802; x_wconf 87' lang='lat' dir='ltr'>reservacionem</span> <span class='ocrx_word' id='word_1_181' title='bbox 1090 2743 1123 2802; x_wconf 90' lang='lat' dir='ltr'>et</span> <span class='ocrx_word' id='word_1_182' title='bbox 1149 2737 1304 2802; x_wconf 89' lang='lat' dir='ltr'>decretum</span> <span class='ocrx_word' id='word_1_183' title='bbox 1335 2735 1474 2817; x_wconf 86' lang='lat' dir='ltr'>predicta</span> <span class='ocrx_word' id='word_1_184' title='bbox 1502 2734 1609 2812; x_wconf 85' lang='lat' dir='ltr'>factas,</span> <span class='ocrx_word' id='word_1_185' title='bbox 1641 2739 1821 2817; x_wconf 87' lang='lat' dir='ltr'>reputantes</span> <span class='ocrx_word' id='word_1_186' title='bbox 1843 2733 1948 2797; x_wconf 87' lang='lat' dir='ltr'>irritas</span> 
     </span>
     <span class='ocr_line' id='line_1_20' title="bbox 424 2836 1947 2921; baseline -0.004 -17"><span class='ocrx_word' id='word_1_187' title='bbox 424 2845 456 2904; x_wconf 92' lang='grc'>11</span> <span class='ocrx_word' id='word_1_188' title='bbox 478 2841 593 2919; x_wconf 90' lang='lat' dir='ltr'>inanes,</span> <span class='ocrx_word' id='word_1_189' title='bbox 616 2849 648 2904; x_wconf 91' lang='grc'>11</span> <span class='ocrx_word' id='word_1_190' title='bbox 670 2840 709 2905; x_wconf 90' lang='lat' dir='ltr'>ad</span> <span class='ocrx_word' id='word_1_191' title='bbox 731 2841 934 2921; x_wconf 88' lang='lat' dir='ltr'>provisionem</span> <span class='ocrx_word' id='word_1_192' title='bbox 957 2841 1052 2921; x_wconf 89' lang='lat' dir='ltr'>ipsius</span> <span class='ocrx_word' id='word_1_193' title='bbox 1075 2840 1295 2904; x_wconf 86' lang='lat' dir='ltr'>Poznaniensis</span> <span class='ocrx_word' id='word_1_194' title='bbox 1327 2838 1467 2903; x_wconf 87' lang='lat' dir='ltr'>ecclesie:</span> <span class='ocrx_word' id='word_1_195' title='bbox 1498 2838 1535 2901; x_wconf 91' lang='lat' dir='ltr'>de</span> <span class='ocrx_word' id='word_1_196' title='bbox 1559 2855 1621 2918; x_wconf 91' lang='lat' dir='ltr'>qua</span> <span class='ocrx_word' id='word_1_197' title='bbox 1643 2836 1746 2900; x_wconf 91' lang='lat' dir='ltr'>nullus</span> <span class='ocrx_word' id='word_1_198' title='bbox 1767 2840 1872 2917; x_wconf 86' lang='lat' dir='ltr'>preter</span> <span class='ocrx_word' id='word_1_199' title='bbox 1893 2853 1947 2899; x_wconf 91' lang='lat' dir='ltr'>nos</span> 
     </span>
     <span class='ocr_line' id='line_1_21' title="bbox 425 2937 1947 3025; baseline -0.003 -20"><span class='ocrx_word' id='word_1_200' title='bbox 425 2941 482 3007; x_wconf 91' lang='lat' dir='ltr'>hac</span> <span class='ocrx_word' id='word_1_201' title='bbox 501 2943 566 3006; x_wconf 90' lang='lat' dir='ltr'>vice</span> <span class='ocrx_word' id='word_1_202' title='bbox 588 2942 749 3024; x_wconf 90' lang='lat' dir='ltr'>disponere</span> <span class='ocrx_word' id='word_1_203' title='bbox 781 2948 893 3024; x_wconf 88' lang='lat' dir='ltr'>potest,</span> <span class='ocrx_word' id='word_1_204' title='bbox 928 2961 984 3022; x_wconf 94' lang='lat' dir='ltr'>pro</span> <span class='ocrx_word' id='word_1_205' title='bbox 1016 2961 1061 3021; x_wconf 89' lang='lat' dir='ltr'>eo,</span> <span class='ocrx_word' id='word_1_206' title='bbox 1092 2943 1174 3025; x_wconf 89' lang='lat' dir='ltr'>quod</span> <span class='ocrx_word' id='word_1_207' title='bbox 1204 2960 1260 3008; x_wconf 89' lang='lat' dir='ltr'>nos</span> <span class='ocrx_word' id='word_1_208' title='bbox 1285 2947 1358 3007; x_wconf 88' lang='lat' dir='ltr'>ante</span> <span class='ocrx_word' id='word_1_209' title='bbox 1384 2941 1525 3005; x_wconf 83' lang='lat' dir='ltr'>ultimam</span> <span class='ocrx_word' id='word_1_210' title='bbox 1558 2941 1751 3003; x_wconf 80' lang='lat' dir='ltr'>vocacionem</span> <span class='ocrx_word' id='word_1_211' title='bbox 1773 2937 1947 3002; x_wconf 90' lang='lat' dir='ltr'>huiusmodi</span> 
     </span>
     <span class='ocr_line' id='line_1_22' title="bbox 424 3040 1947 3126; baseline -0.003 -18"><span class='ocrx_word' id='word_1_212' title='bbox 424 3044 506 3109; x_wconf 89' lang='lat' dir='ltr'>dicte</span> <span class='ocrx_word' id='word_1_213' title='bbox 527 3044 744 3109; x_wconf 83' lang='lat' dir='ltr'>Poznaniensis</span> <span class='ocrx_word' id='word_1_214' title='bbox 763 3044 900 3124; x_wconf 89' lang='lat' dir='ltr'>ecclesie,</span> <span class='ocrx_word' id='word_1_215' title='bbox 923 3045 1114 3126; x_wconf 90' lang='lat' dir='ltr'>provisiones</span> <span class='ocrx_word' id='word_1_216' title='bbox 1137 3043 1272 3109; x_wconf 90' lang='lat' dir='ltr'>omnium</span> <span class='ocrx_word' id='word_1_217' title='bbox 1292 3043 1489 3109; x_wconf 89' lang='lat' dir='ltr'>ecclesiarum</span> <span class='ocrx_word' id='word_1_218' title='bbox 1519 3041 1752 3120; x_wconf 88' lang='lat' dir='ltr'>cathedralium,</span> <span class='ocrx_word' id='word_1_219' title='bbox 1772 3047 1846 3105; x_wconf 91' lang='lat' dir='ltr'>tunc</span> <span class='ocrx_word' id='word_1_220' title='bbox 1866 3040 1947 3121; x_wconf 93' lang='lat' dir='ltr'>apud</span> 
     </span>
     <span class='ocr_line' id='line_1_23' title="bbox 424 3143 1948 3229; baseline -0.003 -17"><span class='ocrx_word' id='word_1_221' title='bbox 424 3147 538 3213; x_wconf 88' lang='lat' dir='ltr'>dictam</span> <span class='ocrx_word' id='word_1_222' title='bbox 560 3148 668 3212; x_wconf 87' lang='lat' dir='ltr'>Sedem</span> <span class='ocrx_word' id='word_1_223' title='bbox 696 3165 877 3229; x_wconf 91' lang='lat' dir='ltr'>quocunque</span> <span class='ocrx_word' id='word_1_224' title='bbox 903 3146 992 3211; x_wconf 92' lang='lat' dir='ltr'>modo</span> <span class='ocrx_word' id='word_1_225' title='bbox 1022 3149 1201 3212; x_wconf 89' lang='lat' dir='ltr'>vacancium</span> <span class='ocrx_word' id='word_1_226' title='bbox 1231 3152 1263 3210; x_wconf 93' lang='grc'>11</span> <span class='ocrx_word' id='word_1_227' title='bbox 1296 3150 1510 3210; x_wconf 86' lang='lat' dir='ltr'>vacaturamm</span> <span class='ocrx_word' id='word_1_228' title='bbox 1532 3145 1731 3226; x_wconf 89' lang='lat' dir='ltr'>imposterum</span> <span class='ocrx_word' id='word_1_229' title='bbox 1759 3143 1841 3224; x_wconf 91' lang='lat' dir='ltr'>apud</span> <span class='ocrx_word' id='word_1_230' title='bbox 1870 3161 1948 3221; x_wconf 88' lang='lat' dir='ltr'>earn,</span> 
     </span>
     <span class='ocr_line' id='line_1_24' title="bbox 424 3245 1949 3331; baseline -0.005 -17"><span class='ocrx_word' id='word_1_231' title='bbox 424 3250 613 3315; x_wconf 84' lang='lat' dir='ltr'>ordinacioni</span> <span class='ocrx_word' id='word_1_232' title='bbox 634 3256 666 3314; x_wconf 91' lang='grc'>11</span> <span class='ocrx_word' id='word_1_233' title='bbox 687 3250 883 3331; x_wconf 88' lang='lat' dir='ltr'>disposicioni</span> <span class='ocrx_word' id='word_1_234' title='bbox 905 3255 1009 3314; x_wconf 89' lang='lat' dir='ltr'>nostre</span> <span class='ocrx_word' id='word_1_235' title='bbox 1031 3257 1063 3313; x_wconf 92' lang='lat' dir='ltr'>et</span> <span class='ocrx_word' id='word_1_236' title='bbox 1085 3250 1173 3314; x_wconf 89' lang='lat' dir='ltr'>Sedis</span> <span class='ocrx_word' id='word_1_237' title='bbox 1195 3249 1333 3331; x_wconf 89' lang='lat' dir='ltr'>predicte</span> <span class='ocrx_word' id='word_1_238' title='bbox 1355 3248 1498 3315; x_wconf 82' lang='lat' dir='ltr'>duximus</span> <span class='ocrx_word' id='word_1_239' title='bbox 1520 3246 1728 3324; x_wconf 90' lang='lat' dir='ltr'>reservandas,</span> <span class='ocrx_word' id='word_1_240' title='bbox 1751 3245 1949 3310; x_wconf 88' lang='lat' dir='ltr'>decernentes</span> 
     </span>
     <span class='ocr_line' id='line_1_25' title="bbox 426 3348 1949 3434; baseline -0.004 -17"><span class='ocrx_word' id='word_1_241' title='bbox 426 3360 540 3418; x_wconf 84' lang='lat' dir='ltr'>extunc</span> <span class='ocrx_word' id='word_1_242' title='bbox 562 3354 683 3416; x_wconf 92' lang='lat' dir='ltr'>irritum</span> <span class='ocrx_word' id='word_1_243' title='bbox 707 3359 739 3416; x_wconf 91' lang='grc'>11</span> <span class='ocrx_word' id='word_1_244' title='bbox 760 3353 852 3416; x_wconf 86' lang='grc'><strong>10101</strong></span> <span class='ocrx_word' id='word_1_245' title='bbox 872 3352 897 3415; x_wconf 91' lang='lat' dir='ltr'>si</span> <span class='ocrx_word' id='word_1_246' title='bbox 920 3371 1007 3417; x_wconf 87' lang='lat' dir='ltr'>secus</span> <span class='ocrx_word' id='word_1_247' title='bbox 1026 3371 1117 3433; x_wconf 88' lang='lat' dir='ltr'>super</span> <span class='ocrx_word' id='word_1_248' title='bbox 1140 3352 1200 3416; x_wconf 84' lang='lat' dir='ltr'>liiis</span> <span class='ocrx_word' id='word_1_249' title='bbox 1223 3371 1278 3434; x_wconf 92' lang='lat' dir='ltr'>per</span> <span class='ocrx_word' id='word_1_250' title='bbox 1300 3369 1499 3433; x_wconf 87' lang='lat' dir='ltr'>quoscunque</span> <span class='ocrx_word' id='word_1_251' title='bbox 1517 3350 1626 3433; x_wconf 90' lang='lat' dir='ltr'>quavis</span> <span class='ocrx_word' id='word_1_252' title='bbox 1646 3348 1833 3414; x_wconf 88' lang='lat' dir='ltr'>auctoritate</span> <span class='ocrx_word' id='word_1_253' title='bbox 1852 3349 1949 3412; x_wconf 90' lang='lat' dir='ltr'>scien-</span> 
     </span>
     <span class='ocr_line' id='line_1_26' title="bbox 426 3449 1947 3537; baseline -0.004 -18"><span class='ocrx_word' id='word_1_254' title='bbox 426 3462 475 3519; x_wconf 87' lang='grc'>111</span> <span class='ocrx_word' id='word_1_255' title='bbox 496 3455 543 3520; x_wconf 83' lang='grc'>111</span> <span class='ocrx_word' id='word_1_256' title='bbox 564 3457 741 3536; x_wconf 85' lang='lat' dir='ltr'>ignoranter</span> <span class='ocrx_word' id='word_1_257' title='bbox 761 3456 954 3536; x_wconf 88' lang='lat' dir='ltr'>contingeret</span> <span class='ocrx_word' id='word_1_258' title='bbox 975 3457 1171 3537; x_wconf 88' lang='lat' dir='ltr'>attemptari:</span> <span class='ocrx_word' id='word_1_259' title='bbox 1194 3455 1363 3536; x_wconf 89' lang='lat' dir='ltr'>apostolice</span> <span class='ocrx_word' id='word_1_260' title='bbox 1385 3453 1588 3518; x_wconf 89' lang='lat' dir='ltr'>solicitudinis</span> <span class='ocrx_word' id='word_1_261' title='bbox 1611 3450 1748 3516; x_wconf 89' lang='lat' dir='ltr'>studium</span> <span class='ocrx_word' id='word_1_262' title='bbox 1770 3449 1947 3531; x_wconf 80' lang='lat' dir='ltr'>dirigentes,</span> 
     </span>
     <span class='ocr_line' id='line_1_27' title="bbox 425 3552 1949 3640; baseline -0.004 -19"><span class='ocrx_word' id='word_1_263' title='bbox 425 3565 496 3640; x_wconf 86' lang='lat' dir='ltr'>post</span> <span class='ocrx_word' id='word_1_264' title='bbox 514 3558 769 3623; x_wconf 89' lang='lat' dir='ltr'>deliberacionem</span> <span class='ocrx_word' id='word_1_265' title='bbox 791 3577 884 3640; x_wconf 88' lang='lat' dir='ltr'>quarn</span> <span class='ocrx_word' id='word_1_266' title='bbox 907 3576 998 3639; x_wconf 89' lang='lat' dir='ltr'>super</span> <span class='ocrx_word' id='word_1_267' title='bbox 1021 3558 1078 3621; x_wconf 91' lang='lat' dir='ltr'>hoc</span> <span class='ocrx_word' id='word_1_268' title='bbox 1102 3577 1169 3623; x_wconf 93' lang='lat' dir='ltr'>cum</span> <span class='ocrx_word' id='word_1_269' title='bbox 1193 3557 1342 3622; x_wconf 89' lang='lat' dir='ltr'>fratribus</span> <span class='ocrx_word' id='word_1_270' title='bbox 1363 3557 1478 3621; x_wconf 90' lang='lat' dir='ltr'>nostris</span> <span class='ocrx_word' id='word_1_271' title='bbox 1502 3555 1665 3621; x_wconf 91' lang='lat' dir='ltr'>habuimus</span> <span class='ocrx_word' id='word_1_272' title='bbox 1687 3555 1874 3634; x_wconf 84' lang='lat' dir='ltr'>diligentem,</span> <span class='ocrx_word' id='word_1_273' title='bbox 1898 3552 1949 3616; x_wconf 90' lang='lat' dir='ltr'>de-</span> 
     </span>
     <span class='ocr_line' id='line_1_28' title="bbox 426 3655 1948 3741; baseline -0.003 -18"><span class='ocrx_word' id='word_1_274' title='bbox 426 3679 509 3724; x_wconf 90' lang='lat' dir='ltr'>mum</span> <span class='ocrx_word' id='word_1_275' title='bbox 532 3660 570 3724; x_wconf 90' lang='lat' dir='ltr'>ad</span> <span class='ocrx_word' id='word_1_276' title='bbox 594 3667 743 3741; x_wconf 80' lang='grc'><strong>1100101</strong></span> <span class='ocrx_word' id='word_1_277' title='bbox 767 3660 942 3724; x_wconf 86' lang='lat' dir='ltr'>litterarum</span> <span class='ocrx_word' id='word_1_278' title='bbox 965 3661 1097 3724; x_wconf 88' lang='lat' dir='ltr'>sciencia</span> <span class='ocrx_word' id='word_1_279' title='bbox 1119 3661 1282 3741; x_wconf 88' lang='lat' dir='ltr'>preditum,</span> <span class='ocrx_word' id='word_1_280' title='bbox 1314 3660 1376 3724; x_wconf 88' lang='lat' dir='ltr'>vite</span> <span class='ocrx_word' id='word_1_281' title='bbox 1402 3678 1439 3723; x_wconf 89' lang='lat' dir='ltr'>ac</span> <span class='ocrx_word' id='word_1_282' title='bbox 1466 3676 1585 3722; x_wconf 87' lang='lat' dir='ltr'>morum</span> <span class='ocrx_word' id='word_1_283' title='bbox 1612 3657 1774 3721; x_wconf 88' lang='lat' dir='ltr'>honestate</span> <span class='ocrx_word' id='word_1_284' title='bbox 1795 3655 1948 3732; x_wconf 89' lang='lat' dir='ltr'>decorum,</span> 
     </span>
     <span class='ocr_line' id='line_1_29' title="bbox 427 3757 1947 3844; baseline -0.003 -20"><span class='ocrx_word' id='word_1_285' title='bbox 427 3762 458 3825; x_wconf 92' lang='lat' dir='ltr'>in</span> <span class='ocrx_word' id='word_1_286' title='bbox 480 3762 694 3843; x_wconf 88' lang='lat' dir='ltr'>spiritualibus</span> <span class='ocrx_word' id='word_1_287' title='bbox 717 3763 876 3844; x_wconf 91' lang='lat' dir='ltr'>providum</span> <span class='ocrx_word' id='word_1_288' title='bbox 908 3769 939 3827; x_wconf 89' lang='lat' dir='ltr'>et</span> <span class='ocrx_word' id='word_1_289' title='bbox 961 3764 991 3825; x_wconf 95' lang='lat' dir='ltr'>in</span> <span class='ocrx_word' id='word_1_290' title='bbox 1023 3763 1244 3843; x_wconf 86' lang='lat' dir='ltr'>temporalibus</span> <span class='ocrx_word' id='word_1_291' title='bbox 1274 3763 1539 3843; x_wconf 90' lang='lat' dir='ltr'>circumspectum,</span> <span class='ocrx_word' id='word_1_292' title='bbox 1567 3779 1603 3824; x_wconf 93' lang='grc'>11</span> <span class='ocrx_word' id='word_1_293' title='bbox 1630 3760 1700 3824; x_wconf 87' lang='grc'><strong>11111</strong></span> <span class='ocrx_word' id='word_1_294' title='bbox 1732 3757 1947 3838; x_wconf 89' lang='lat' dir='ltr'>multiplicium</span> 
     </span>
     <span class='ocr_line' id='line_1_30' title="bbox 427 3862 1951 3946; baseline -0.004 -18"><span class='ocrx_word' id='word_1_295' title='bbox 427 3865 576 3929; x_wconf 92' lang='lat' dir='ltr'>virtutum</span> <span class='ocrx_word' id='word_1_296' title='bbox 599 3867 717 3930; x_wconf 90' lang='lat' dir='ltr'>meritis</span> <span class='ocrx_word' id='word_1_297' title='bbox 740 3866 936 3930; x_wconf 87' lang='lat' dir='ltr'>laudabiliter·</span> <span class='ocrx_word' id='word_1_298' title='bbox 958 3866 1136 3946; x_wconf 83' lang='lat' dir='ltr'>insignitum</span> <span class='ocrx_word' id='word_1_299' title='bbox 1159 3885 1197 3928; x_wconf 87' lang='lat' dir='ltr'>ex</span> <span class='ocrx_word' id='word_1_300' title='bbox 1226 3864 1411 3928; x_wconf 84' lang='lat' dir='ltr'>testimoniis</span> <span class='ocrx_word' id='word_1_301' title='bbox 1434 3863 1592 3943; x_wconf 87' lang='lat' dir='ltr'>fidedignis</span> <span class='ocrx_word' id='word_1_302' title='bbox 1621 3862 1802 3943; x_wconf 89' lang='lat' dir='ltr'>accepimus,</span> <span class='ocrx_word' id='word_1_303' title='bbox 1826 3877 1951 3924; x_wconf 89' lang='lat' dir='ltr'>conver·</span> 
     </span>
     <span class='ocr_line' id='line_1_31' title="bbox 420 3961 1950 4049; baseline -0.003 -22"><span class='ocrx_word' id='word_1_304' title='bbox 420 3969 521 4033; x_wconf 83' lang='lat' dir='ltr'>..timus</span> <span class='ocrx_word' id='word_1_305' title='bbox 543 3970 640 4033; x_wconf 89' lang='lat' dir='ltr'>aciem</span> <span class='ocrx_word' id='word_1_306' title='bbox 660 3977 764 4034; x_wconf 89' lang='lat' dir='ltr'>nostre</span> <span class='ocrx_word' id='word_1_307' title='bbox 786 3969 914 4046; x_wconf 73' lang='lat' dir='ltr'>mentis,</span> <span class='ocrx_word' id='word_1_308' title='bbox 938 3967 1049 4049; x_wconf 88' lang='lat' dir='ltr'>quibus</span> <span class='ocrx_word' id='word_1_309' title='bbox 1070 3966 1212 4031; x_wconf 91' lang='lat' dir='ltr'>omnibus</span> <span class='ocrx_word' id='word_1_310' title='bbox 1234 3965 1339 4030; x_wconf 89' lang='lat' dir='ltr'>debita</span> <span class='ocrx_word' id='word_1_311' title='bbox 1360 3965 1563 4030; x_wconf 88' lang='lat' dir='ltr'>meditaoione</span> <span class='ocrx_word' id='word_1_312' title='bbox 1584 3964 1731 4044; x_wconf 82' lang='lat' dir='ltr'>pensatio,</span> <span class='ocrx_word' id='word_1_313' title='bbox 1760 3961 1798 4024; x_wconf 92' lang='lat' dir='ltr'>de</span> <span class='ocrx_word' id='word_1_314' title='bbox 1820 3977 1950 4042; x_wconf 89' lang='lat' dir='ltr'>persona</span> 
     </span>
     <span class='ocr_line' id='line_1_32' title="bbox 428 4059 1947 4151; baseline -0.007 -17"><span class='ocrx_word' id='word_1_315' title='bbox 428 4059 492 4148; x_wconf 86' lang='lat' dir='ltr'>tua,</span> <span class='ocrx_word' id='word_1_316' title='bbox 509 4070 596 4135; x_wconf 93' lang='lat' dir='ltr'>nobis</span> <span class='ocrx_word' id='word_1_317' title='bbox 611 4078 643 4135; x_wconf 92' lang='grc'>11</span> <span class='ocrx_word' id='word_1_318' title='bbox 655 4072 769 4137; x_wconf 89' lang='lat' dir='ltr'>eisdem</span> <span class='ocrx_word' id='word_1_319' title='bbox 784 4070 933 4136; x_wconf 89' lang='lat' dir='ltr'>fratribus</span> <span class='ocrx_word' id='word_1_320' title='bbox 948 4070 1197 4136; x_wconf 89' lang='lat' dir='ltr'>consideracione</span> <span class='ocrx_word' id='word_1_321' title='bbox 1219 4069 1438 4151; x_wconf 89' lang='lat' dir='ltr'>premissorum</span> <span class='ocrx_word' id='word_1_322' title='bbox 1460 4071 1595 4150; x_wconf 86' lang='lat' dir='ltr'>accepta,</span> <span class='ocrx_word' id='word_1_323' title='bbox 1612 4065 1731 4147; x_wconf 90' lang='lat' dir='ltr'>prefate</span> <span class='ocrx_word' id='word_1_324' title='bbox 1746 4062 1947 4127; x_wconf 87' lang='lat' dir='ltr'>Pozuaniensi</span> 
     </span>
     <span class='ocr_line' id='line_1_33' title="bbox 426 4166 1947 4257; baseline -0.006 -21"><span class='ocrx_word' id='word_1_325' title='bbox 426 4173 552 4238; x_wconf 88' lang='lat' dir='ltr'>ecclesie</span> <span class='ocrx_word' id='word_1_326' title='bbox 575 4175 612 4237; x_wconf 91' lang='lat' dir='ltr'>de</span> <span class='ocrx_word' id='word_1_327' title='bbox 636 4173 766 4238; x_wconf 86' lang='lat' dir='ltr'>fratrum</span> <span class='ocrx_word' id='word_1_328' title='bbox 789 4175 924 4255; x_wconf 88' lang='lat' dir='ltr'>ipsorum</span> <span class='ocrx_word' id='word_1_329' title='bbox 948 4174 1074 4239; x_wconf 88' lang='lat' dir='ltr'>consilio</span> <span class='ocrx_word' id='word_1_330' title='bbox 1089 4173 1229 4255; x_wconf 86' lang='lat' dir='ltr'>predicta</span> <span class='ocrx_word' id='word_1_331' title='bbox 1243 4173 1428 4237; x_wconf 89' lang='lat' dir='ltr'>auctoritate</span> <span class='ocrx_word' id='word_1_332' title='bbox 1449 4169 1620 4257; x_wconf 80' lang='lat' dir='ltr'>apostolica</span> <span class='ocrx_word' id='word_1_333' title='bbox 1638 4166 1832 4249; x_wconf 90' lang='lat' dir='ltr'>providemus</span> <span class='ocrx_word' id='word_1_334' title='bbox 1854 4170 1947 4244; x_wconf 85' lang='lat' dir='ltr'>teque</span> 
     </span>
     <span class='ocr_line' id='line_1_34' title="bbox 428 4267 1951 4357; baseline -0.006 -19"><span class='ocrx_word' id='word_1_335' title='bbox 428 4276 473 4339; x_wconf 93' lang='lat' dir='ltr'>illi</span> <span class='ocrx_word' id='word_1_336' title='bbox 493 4276 667 4357; x_wconf 86' lang='lat' dir='ltr'>preficimus</span> <span class='ocrx_word' id='word_1_337' title='bbox 690 4278 721 4340; x_wconf 90' lang='lat' dir='ltr'>in</span> <span class='ocrx_word' id='word_1_338' title='bbox 743 4276 917 4356; x_wconf 91' lang='lat' dir='ltr'>episcopum</span> <span class='ocrx_word' id='word_1_339' title='bbox 938 4283 970 4339; x_wconf 92' lang='lat' dir='ltr'>et</span> <span class='ocrx_word' id='word_1_340' title='bbox 991 4282 1156 4357; x_wconf 86' lang='lat' dir='ltr'>pastorem,</span> <span class='ocrx_word' id='word_1_341' title='bbox 1188 4294 1292 4340; x_wconf 89' lang='lat' dir='ltr'>curam</span> <span class='ocrx_word' id='word_1_342' title='bbox 1317 4274 1356 4339; x_wconf 89' lang='lat' dir='ltr'>ad</span> <span class='ocrx_word' id='word_1_343' title='bbox 1385 4270 1685 4339; x_wconf 86' lang='lat' dir='ltr'>administracionem</span> <span class='ocrx_word' id='word_1_344' title='bbox 1716 4270 1812 4351; x_wconf 89' lang='lat' dir='ltr'>ipsius</span> <span class='ocrx_word' id='word_1_345' title='bbox 1834 4267 1951 4331; x_wconf 84' lang='lat' dir='ltr'>Pozna·</span> 
     </span>
     <span class='ocr_line' id='line_1_35' title="bbox 427 4370 1949 4460; baseline -0.006 -18"><span class='ocrx_word' id='word_1_346' title='bbox 427 4379 542 4443; x_wconf 87' lang='lat' dir='ltr'>niensis</span> <span class='ocrx_word' id='word_1_347' title='bbox 565 4380 690 4444; x_wconf 88' lang='lat' dir='ltr'>ecclesie</span> <span class='ocrx_word' id='word_1_348' title='bbox 714 4379 771 4443; x_wconf 92' lang='lat' dir='ltr'>tibi</span> <span class='ocrx_word' id='word_1_349' title='bbox 791 4387 853 4442; x_wconf 88' lang='lat' dir='ltr'>tam</span> <span class='ocrx_word' id='word_1_350' title='bbox 877 4380 907 4441; x_wconf 93' lang='lat' dir='ltr'>in</span> <span class='ocrx_word' id='word_1_351' title='bbox 930 4379 1143 4460; x_wconf 88' lang='lat' dir='ltr'>spiritualibus</span> <span class='ocrx_word' id='word_1_352' title='bbox 1164 4397 1256 4459; x_wconf 89' lang='lat' dir='ltr'>quam</span> <span class='ocrx_word' id='word_1_353' title='bbox 1280 4379 1311 4442; x_wconf 89' lang='lat' dir='ltr'>in</span> <span class='ocrx_word' id='word_1_354' title='bbox 1332 4376 1552 4459; x_wconf 86' lang='lat' dir='ltr'>temporalibus</span> <span class='ocrx_word' id='word_1_355' title='bbox 1570 4373 1706 4455; x_wconf 89' lang='lat' dir='ltr'>plenarie</span> <span class='ocrx_word' id='word_1_356' title='bbox 1721 4370 1949 4447; x_wconf 87' lang='lat' dir='ltr'>committendo,</span> 
     </span>
     <span class='ocr_line' id='line_1_36' title="bbox 428 4472 1951 4563; baseline -0.007 -17"><span class='ocrx_word' id='word_1_357' title='bbox 428 4501 600 4563; x_wconf 89' lang='lat' dir='ltr'>munusque</span> <span class='ocrx_word' id='word_1_358' title='bbox 622 4481 863 4546; x_wconf 89' lang='lat' dir='ltr'>consecracionis</span> <span class='ocrx_word' id='word_1_359' title='bbox 896 4479 951 4543; x_wconf 92' lang='lat' dir='ltr'>tibi</span> <span class='ocrx_word' id='word_1_360' title='bbox 975 4485 1010 4543; x_wconf 89' lang='lat' dir='ltr'>ut</span> <span class='ocrx_word' id='word_1_361' title='bbox 1039 4480 1194 4560; x_wconf 82' lang='lat' dir='ltr'>prefertur</span> <span class='ocrx_word' id='word_1_362' title='bbox 1220 4481 1400 4560; x_wconf 91' lang='lat' dir='ltr'>impensum,</span> <span class='ocrx_word' id='word_1_363' title='bbox 1429 4497 1547 4545; x_wconf 91' lang='grc'><strong>011000</strong></span> <span class='ocrx_word' id='word_1_364' title='bbox 1580 4477 1642 4542; x_wconf 88' lang='grc'><strong>1111</strong></span> <span class='ocrx_word' id='word_1_365' title='bbox 1663 4493 1718 4557; x_wconf 89' lang='lat' dir='ltr'>per</span> <span class='ocrx_word' id='word_1_366' title='bbox 1739 4479 1770 4538; x_wconf 87' lang='lat' dir='ltr'>te</span> <span class='ocrx_word' id='word_1_367' title='bbox 1791 4472 1869 4537; x_wconf 90' lang='lat' dir='ltr'>alias</span> <span class='ocrx_word' id='word_1_368' title='bbox 1891 4472 1951 4535; x_wconf 91' lang='lat' dir='ltr'>rite</span> 
     </span>
     <span class='ocr_line' id='line_1_37' title="bbox 428 4575 1950 4666; baseline -0.009 -16"><span class='ocrx_word' id='word_1_369' title='bbox 428 4591 516 4666; x_wconf 79' lang='lat' dir='ltr'>gesta</span> <span class='ocrx_word' id='word_1_370' title='bbox 537 4593 568 4649; x_wconf 92' lang='grc'>11</span> <span class='ocrx_word' id='word_1_371' title='bbox 590 4585 805 4650; x_wconf 88' lang='lat' dir='ltr'>administrata</span> <span class='ocrx_word' id='word_1_372' title='bbox 832 4584 863 4646; x_wconf 90' lang='lat' dir='ltr'>in</span> <span class='ocrx_word' id='word_1_373' title='bbox 894 4583 961 4663; x_wconf 89' lang='lat' dir='ltr'>ipsa</span> <span class='ocrx_word' id='word_1_374' title='bbox 991 4582 1191 4647; x_wconf 87' lang='lat' dir='ltr'>Poznaniensi</span> <span class='ocrx_word' id='word_1_375' title='bbox 1221 4582 1348 4646; x_wconf 86' lang='lat' dir='ltr'>ecclesia</span> <span class='ocrx_word' id='word_1_376' title='bbox 1374 4582 1479 4646; x_wconf 86' lang='lat' dir='ltr'>eadem</span> <span class='ocrx_word' id='word_1_377' title='bbox 1508 4579 1678 4662; x_wconf 90' lang='lat' dir='ltr'>apostolica</span> <span class='ocrx_word' id='word_1_378' title='bbox 1707 4575 1891 4641; x_wconf 87' lang='lat' dir='ltr'>auctoritate</span> <span class='ocrx_word' id='word_1_379' title='bbox 1913 4593 1950 4637; x_wconf 85' lang='lat' dir='ltr'>er</span> 
     </span>
     <span class='ocr_line' id='line_1_38' title="bbox 429 4677 1951 4769; baseline -0.01 -15"><span class='ocrx_word' id='word_1_380' title='bbox 429 4697 514 4755; x_wconf 88' lang='lat' dir='ltr'>certa</span> <span class='ocrx_word' id='word_1_381' title='bbox 536 4690 667 4754; x_wconf 90' lang='lat' dir='ltr'>sciencia</span> <span class='ocrx_word' id='word_1_382' title='bbox 689 4686 896 4769; x_wconf 89' lang='lat' dir='ltr'>approbando,</span> <span class='ocrx_word' id='word_1_383' title='bbox 919 4687 950 4749; x_wconf 94' lang='lat' dir='ltr'>in</span> <span class='ocrx_word' id='word_1_384' title='bbox 978 4687 1031 4749; x_wconf 95' lang='lat' dir='ltr'>illo</span> <span class='ocrx_word' id='word_1_385' title='bbox 1064 4685 1117 4767; x_wconf 87' lang='lat' dir='ltr'>qui</span> <span class='ocrx_word' id='word_1_386' title='bbox 1139 4685 1194 4749; x_wconf 90' lang='lat' dir='ltr'>dat</span> <span class='ocrx_word' id='word_1_387' title='bbox 1226 4685 1345 4765; x_wconf 87' lang='lat' dir='ltr'>gracias</span> <span class='ocrx_word' id='word_1_388' title='bbox 1378 4691 1410 4748; x_wconf 87' lang='grc'>11</span> <span class='ocrx_word' id='word_1_389' title='bbox 1443 4683 1574 4763; x_wconf 85' lang='lat' dir='ltr'>largitur</span> <span class='ocrx_word' id='word_1_390' title='bbox 1607 4679 1724 4762; x_wconf 88' lang='lat' dir='ltr'>premia</span> <span class='ocrx_word' id='word_1_391' title='bbox 1754 4677 1951 4755; x_wconf 81' lang='lat' dir='ltr'>confidentes,</span> 
     </span>
     <span class='ocr_line' id='line_1_39' title="bbox 429 4779 1951 4874; baseline -0.008 -20"><span class='ocrx_word' id='word_1_392' title='bbox 429 4793 510 4874; x_wconf 77' lang='lat' dir='ltr'>guod</span> <span class='ocrx_word' id='word_1_393' title='bbox 532 4792 683 4872; x_wconf 88' lang='lat' dir='ltr'>dirigente</span> <span class='ocrx_word' id='word_1_394' title='bbox 703 4791 833 4855; x_wconf 89' lang='lat' dir='ltr'>Domino</span> <span class='ocrx_word' id='word_1_395' title='bbox 855 4796 943 4853; x_wconf 88' lang='lat' dir='ltr'>actus</span> <span class='ocrx_word' id='word_1_396' title='bbox 967 4796 1046 4866; x_wconf 90' lang='lat' dir='ltr'>tuos,</span> <span class='ocrx_word' id='word_1_397' title='bbox 1070 4784 1189 4867; x_wconf 85' lang='lat' dir='ltr'>prefata</span> <span class='ocrx_word' id='word_1_398' title='bbox 1210 4785 1428 4850; x_wconf 84' lang='lat' dir='ltr'>Pomranieusis</span> <span class='ocrx_word' id='word_1_399' title='bbox 1458 4782 1586 4848; x_wconf 89' lang='grc'><strong>11111111</strong></span> <span class='ocrx_word' id='word_1_400' title='bbox 1607 4799 1662 4861; x_wconf 90' lang='lat' dir='ltr'>per</span> <span class='ocrx_word' id='word_1_401' title='bbox 1685 4786 1770 4844; x_wconf 92' lang='lat' dir='ltr'>tuam</span> <span class='ocrx_word' id='word_1_402' title='bbox 1799 4779 1951 4843; x_wconf 88' lang='lat' dir='ltr'>curiosam</span> 
     </span>
     <span class='ocr_line' id='line_1_40' title="bbox 429 4881 1951 4973; baseline -0.009 -16"><span class='ocrx_word' id='word_1_403' title='bbox 429 4894 588 4959; x_wconf 89' lang='lat' dir='ltr'>solerciam</span> <span class='ocrx_word' id='word_1_404' title='bbox 617 4901 764 4973; x_wconf 79' lang='lat' dir='ltr'>tuumque</span> <span class='ocrx_word' id='word_1_405' title='bbox 797 4891 1002 4955; x_wconf 89' lang='lat' dir='ltr'>ministerium</span> <span class='ocrx_word' id='word_1_406' title='bbox 1038 4888 1210 4952; x_wconf 88' lang='lat' dir='ltr'>studiosum</span> <span class='ocrx_word' id='word_1_407' title='bbox 1242 4892 1365 4968; x_wconf 88' lang='lat' dir='ltr'>regetur</span> <span class='ocrx_word' id='word_1_408' title='bbox 1400 4885 1520 4950; x_wconf 88' lang='lat' dir='ltr'>utiliter</span> <span class='ocrx_word' id='word_1_409' title='bbox 1552 4890 1583 4946; x_wconf 93' lang='lat' dir='ltr'>et</span> <span class='ocrx_word' id='word_1_410' title='bbox 1616 4900 1761 4964; x_wconf 89' lang='lat' dir='ltr'>prospere</span> <span class='ocrx_word' id='word_1_411' title='bbox 1793 4881 1951 4960; x_wconf 89' lang='lat' dir='ltr'>dirigetur.</span> 
     </span>
     <span class='ocr_line' id='line_1_41' title="bbox 430 4980 1952 5076; baseline -0.012 -15"><span class='ocrx_word' id='word_1_412' title='bbox 430 4998 579 5076; x_wconf 86' lang='lat' dir='ltr'>Quocirca</span> <span class='ocrx_word' id='word_1_413' title='bbox 599 4995 787 5060; x_wconf 85' lang='lat' dir='ltr'>fraternitati</span> <span class='ocrx_word' id='word_1_414' title='bbox 811 4999 863 5058; x_wconf 90' lang='lat' dir='ltr'>tue</span> <span class='ocrx_word' id='word_1_415' title='bbox 886 5011 941 5074; x_wconf 91' lang='lat' dir='ltr'>per</span> <span class='ocrx_word' id='word_1_416' title='bbox 961 4991 1132 5073; x_wconf 89' lang='lat' dir='ltr'>apostolica</span> <span class='ocrx_word' id='word_1_417' title='bbox 1154 4990 1270 5071; x_wconf 88' lang='lat' dir='ltr'>scripta</span> <span class='ocrx_word' id='word_1_418' title='bbox 1292 4987 1481 5066; x_wconf 74' lang='lat' dir='ltr'>mandamus</span> <span class='ocrx_word' id='word_1_419' title='bbox 1504 4985 1651 5068; x_wconf 88' lang='lat' dir='ltr'>quatinus</span> <span class='ocrx_word' id='word_1_420' title='bbox 1664 4983 1704 5048; x_wconf 87' lang='lat' dir='ltr'>ad</span> <span class='ocrx_word' id='word_1_421' title='bbox 1727 4980 1878 5064; x_wconf 88' lang='lat' dir='ltr'>prefatam</span> <span class='ocrx_word' id='word_1_422' title='bbox 1894 4980 1952 5044; x_wconf 90' lang='lat' dir='ltr'>Po-</span> 
     </span>
     <span class='ocr_line' id='line_1_42' title="bbox 428 5083 1950 5176; baseline -0.012 -11"><span class='ocrx_word' id='word_1_423' title='bbox 428 5101 622 5165; x_wconf 86' lang='lat' dir='ltr'>znanieusem</span> <span class='ocrx_word' id='word_1_424' title='bbox 645 5098 803 5162; x_wconf 88' lang='lat' dir='ltr'>ecclesiam</span> <span class='ocrx_word' id='word_1_425' title='bbox 833 5114 901 5160; x_wconf 91' lang='lat' dir='ltr'>cum</span> <span class='ocrx_word' id='word_1_426' title='bbox 933 5095 1036 5176; x_wconf 87' lang='lat' dir='ltr'>gracia</span> <span class='ocrx_word' id='word_1_427' title='bbox 1065 5099 1170 5158; x_wconf 90' lang='lat' dir='ltr'>nostre</span> <span class='ocrx_word' id='word_1_428' title='bbox 1198 5091 1419 5155; x_wconf 89' lang='lat' dir='ltr'>benediccionis</span> <span class='ocrx_word' id='word_1_429' title='bbox 1447 5089 1604 5166; x_wconf 73' lang='lat' dir='ltr'>accedens</span> <span class='ocrx_word' id='word_1_430' title='bbox 1635 5104 1738 5151; x_wconf 90' lang='lat' dir='ltr'>curam</span> <span class='ocrx_word' id='word_1_431' title='bbox 1766 5090 1799 5148; x_wconf 89' lang='lat' dir='ltr'>et</span> <span class='ocrx_word' id='word_1_432' title='bbox 1819 5083 1950 5148; x_wconf 88' lang='lat' dir='ltr'>admini-</span> 
     </span>
     <span class='ocr_line' id='line_1_43' title="bbox 429 5186 1952 5281; baseline -0.011 -15"><span class='ocrx_word' id='word_1_433' title='bbox 429 5202 614 5266; x_wconf 88' lang='grc'><strong>11111100110</strong></span> <span class='ocrx_word' id='word_1_434' title='bbox 637 5198 792 5281; x_wconf 88' lang='lat' dir='ltr'>predictas</span> <span class='ocrx_word' id='word_1_435' title='bbox 814 5198 858 5262; x_wconf 91' lang='lat' dir='ltr'>sic</span> <span class='ocrx_word' id='word_1_436' title='bbox 879 5216 967 5278; x_wconf 86' lang='lat' dir='ltr'>geras</span> <span class='ocrx_word' id='word_1_437' title='bbox 990 5195 1122 5259; x_wconf 88' lang='lat' dir='ltr'>fideliter</span> <span class='ocrx_word' id='word_1_438' title='bbox 1144 5199 1177 5259; x_wconf 92' lang='grc'>11</span> <span class='ocrx_word' id='word_1_439' title='bbox 1205 5193 1344 5272; x_wconf 87' lang='lat' dir='ltr'>solerter,</span> <span class='ocrx_word' id='word_1_440' title='bbox 1376 5192 1456 5275; x_wconf 89' lang='lat' dir='ltr'>quod</span> <span class='ocrx_word' id='word_1_441' title='bbox 1489 5192 1557 5273; x_wconf 91' lang='lat' dir='ltr'>ipsa</span> <span class='ocrx_word' id='word_1_442' title='bbox 1583 5187 1802 5254; x_wconf 87' lang='lat' dir='ltr'>Poznaniensis</span> <span class='ocrx_word' id='word_1_443' title='bbox 1824 5186 1952 5250; x_wconf 83' lang='lat' dir='ltr'>ecclesia</span> 
     </span>
     <span class='ocr_line' id='line_1_44' title="bbox 430 5288 1953 5385; baseline -0.011 -17"><span class='ocrx_word' id='word_1_444' title='bbox 430 5322 542 5385; x_wconf 88' lang='lat' dir='ltr'>sponso</span> <span class='ocrx_word' id='word_1_445' title='bbox 565 5303 634 5366; x_wconf 91' lang='lat' dir='ltr'>utili</span> <span class='ocrx_word' id='word_1_446' title='bbox 656 5309 689 5365; x_wconf 90' lang='lat' dir='ltr'>et</span> <span class='ocrx_word' id='word_1_447' title='bbox 710 5300 866 5365; x_wconf 86' lang='lat' dir='ltr'>fructuoso</span> <span class='ocrx_word' id='word_1_448' title='bbox 893 5297 1136 5363; x_wconf 88' lang='lat' dir='ltr'>administratori</span> <span class='ocrx_word' id='word_1_449' title='bbox 1169 5296 1303 5377; x_wconf 84' lang='lat' dir='ltr'>gaudeat</span> <span class='ocrx_word' id='word_1_450' title='bbox 1337 5314 1370 5359; x_wconf 90' lang='grc'>11</span> <span class='ocrx_word' id='word_1_451' title='bbox 1403 5297 1605 5371; x_wconf 89' lang='lat' dir='ltr'>commissam,</span> <span class='ocrx_word' id='word_1_452' title='bbox 1634 5310 1670 5356; x_wconf 90' lang='lat' dir='ltr'>ac</span> <span class='ocrx_word' id='word_1_453' title='bbox 1693 5290 1770 5354; x_wconf 91' lang='lat' dir='ltr'>bone</span> <span class='ocrx_word' id='word_1_454' title='bbox 1797 5288 1877 5353; x_wconf 88' lang='lat' dir='ltr'>fame</span> <span class='ocrx_word' id='word_1_455' title='bbox 1899 5295 1953 5352; x_wconf 92' lang='lat' dir='ltr'>tue</span> 
     </span>
     <span class='ocr_line' id='line_1_45' title="bbox 430 5392 1953 5479; baseline -0.011 -9"><span class='ocrx_word' id='word_1_456' title='bbox 430 5405 505 5470; x_wconf 92' lang='lat' dir='ltr'>odor</span> <span class='ocrx_word' id='word_1_457' title='bbox 527 5424 564 5469; x_wconf 82' lang='lat' dir='ltr'>ex</span> <span class='ocrx_word' id='word_1_458' title='bbox 584 5402 787 5468; x_wconf 91' lang='lat' dir='ltr'>laudabilibus</span> <span class='ocrx_word' id='word_1_459' title='bbox 811 5402 872 5466; x_wconf 89' lang='lat' dir='ltr'>tuis</span> <span class='ocrx_word' id='word_1_460' title='bbox 894 5400 1014 5465; x_wconf 88' lang='lat' dir='ltr'>actibus</span> <span class='ocrx_word' id='word_1_461' title='bbox 1036 5400 1130 5462; x_wconf 91' lang='lat' dir='ltr'>latius</span> <span class='ocrx_word' id='word_1_462' title='bbox 1152 5397 1341 5475; x_wconf 89' lang='lat' dir='ltr'>difundatur,</span> <span class='ocrx_word' id='word_1_463' title='bbox 1363 5407 1458 5479; x_wconf 90' lang='lat' dir='ltr'>tuque</span> <span class='ocrx_word' id='word_1_464' title='bbox 1480 5403 1584 5478; x_wconf 89' lang='lat' dir='ltr'>preter</span> <span class='ocrx_word' id='word_1_465' title='bbox 1611 5392 1827 5458; x_wconf 88' lang='lat' dir='ltr'>retribucionis</span> <span class='ocrx_word' id='word_1_466' title='bbox 1848 5397 1953 5455; x_wconf 89' lang='lat' dir='ltr'>eterne</span> 
     </span>
     <span class='ocr_line' id='line_1_46' title="bbox 430 5495 1952 5591; baseline -0.012 -19"><span class='ocrx_word' id='word_1_467' title='bbox 430 5509 591 5591; x_wconf 89' lang='lat' dir='ltr'>premium,</span> <span class='ocrx_word' id='word_1_468' title='bbox 614 5513 753 5569; x_wconf 89' lang='lat' dir='ltr'>nostrum</span> <span class='ocrx_word' id='word_1_469' title='bbox 775 5511 807 5567; x_wconf 93' lang='grc'>01</span> <span class='ocrx_word' id='word_1_470' title='bbox 830 5503 964 5567; x_wconf 85' lang='grc'><strong>11011101</strong></span> <span class='ocrx_word' id='word_1_471' title='bbox 988 5501 1075 5565; x_wconf 89' lang='lat' dir='ltr'>Sedis</span> <span class='ocrx_word' id='word_1_472' title='bbox 1097 5500 1321 5564; x_wconf 89' lang='lat' dir='ltr'>benediccionis</span> <span class='ocrx_word' id='word_1_473' title='bbox 1344 5507 1376 5563; x_wconf 90' lang='lat' dir='ltr'>et</span> <span class='ocrx_word' id='word_1_474' title='bbox 1397 5500 1498 5580; x_wconf 88' lang='lat' dir='ltr'>gracie</span> <span class='ocrx_word' id='word_1_475' title='bbox 1521 5496 1665 5562; x_wconf 90' lang='lat' dir='ltr'>merearis</span> <span class='ocrx_word' id='word_1_476' title='bbox 1683 5495 1862 5560; x_wconf 90' lang='lat' dir='ltr'>continuum</span> <span class='ocrx_word' id='word_1_477' title='bbox 1885 5511 1952 5572; x_wconf 91' lang='lat' dir='ltr'>per·</span> 
     </span>
     <span class='ocr_line' id='line_1_47' title="bbox 431 5595 1953 5693; baseline -0.014 -16"><span class='ocrx_word' id='word_1_478' title='bbox 431 5613 531 5693; x_wconf 90' lang='lat' dir='ltr'>cipere</span> <span class='ocrx_word' id='word_1_479' title='bbox 553 5610 784 5673; x_wconf 90' lang='lat' dir='ltr'>incrementum.</span> <span class='ocrx_word' id='word_1_480' title='bbox 830 5605 944 5668; x_wconf 85' lang='lat' dir='ltr'>Datum</span> <span class='ocrx_word' id='word_1_481' title='bbox 967 5604 1117 5679; x_wconf 78' lang='lat' dir='ltr'>Avinione</span> <span class='ocrx_word' id='word_1_482' title='bbox 1139 5602 1214 5664; x_wconf 87' lang='lat' dir='ltr'>XVI</span> <span class='ocrx_word' id='word_1_483' title='bbox 1230 5602 1385 5667; x_wconf 87' lang='lat' dir='ltr'>Kalendas</span> <span class='ocrx_word' id='word_1_484' title='bbox 1404 5601 1531 5684; x_wconf 79' lang='lat' dir='ltr'>Aprilis,</span> <span class='ocrx_word' id='word_1_485' title='bbox 1547 5599 1743 5682; x_wconf 88' lang='lat' dir='ltr'>pontificatus</span> <span class='ocrx_word' id='word_1_486' title='bbox 1758 5595 1855 5659; x_wconf 86' lang='lat' dir='ltr'>nostri</span> <span class='ocrx_word' id='word_1_487' title='bbox 1871 5612 1953 5658; x_wconf 90' lang='lat' dir='ltr'>anno</span> 
     </span>
    </p>
   </div>
   <div class='ocr_carea' id='block_1_3' title="bbox 432 5722 529 5780">
    <p class='ocr_par' dir='ltr' id='par_1_3' title="bbox 432 5722 529 5780">
     <span class='ocr_line' id='line_1_48' title="bbox 432 5722 529 5780; baseline -0.031 0"><span class='ocrx_word' id='word_1_488' title='bbox 432 5722 529 5780; x_wconf 84' lang='lat' dir='ltr'>sexto.</span> 
     </span>
    </p>
   </div>
   <div class='ocr_carea' id='block_1_4' title="bbox 0 0 2358 7060">
    <p class='ocr_par' dir='ltr' id='par_1_4' title="bbox 0 0 2358 7060">
     <span class='ocr_line' id='line_1_49' title="bbox 0 0 2358 7060; baseline 0 0"><span class='ocrx_word' id='word_1_489' title='bbox 0 0 2358 7060; x_wconf 95' lang='lat' dir='ltr'> </span> 
     </span>
    </p>
   </div>
  </div>
 </body>
</html>
