<?xml version="1.0" encoding="UTF-8"?>
<!DOCTYPE html PUBLIC "-//W3C//DTD XHTML 1.0 Transitional//EN"
    "http://www.w3.org/TR/xhtml1/DTD/xhtml1-transitional.dtd">
<html xmlns="http://www.w3.org/1999/xhtml" xml:lang="en" lang="en">
 <head>
  <title>
</title>
<meta http-equiv="Content-Type" content="text/html;charset=utf-8" />
  <meta name='ocr-system' content='tesseract 3.04.00' />
  <meta name='ocr-capabilities' content='ocr_page ocr_carea ocr_par ocr_line ocrx_word'/>
</head>
<body>
  <div class='ocr_page' id='page_1' title='image "./codexdiplomatic04zakrgoog/codexdiplomatic04zakrgoog_0197.png"; bbox 0 0 4675 7067; ppageno 0'>
   <div class='ocr_carea' id='block_1_1' title="bbox 525 870 596 943">
    <p class='ocr_par' dir='ltr' id='par_1_1' title="bbox 525 870 596 943">
     <span class='ocr_line' id='line_1_1' title="bbox 525 870 596 943; baseline 0 0"><span class='ocrx_word' id='word_1_1' title='bbox 525 870 596 943; x_wconf 82' lang='lat'><strong>144</strong></span> 
     </span>
    </p>
   </div>
   <div class='ocr_carea' id='block_1_2' title="bbox 516 1062 2041 2272">
    <p class='ocr_par' dir='ltr' id='par_1_2' title="bbox 518 1062 2041 1254">
     <span class='ocr_line' id='line_1_2' title="bbox 521 1062 2041 1151; baseline -0.003 -15"><span class='ocrx_word' id='word_1_2' title='bbox 521 1071 679 1150; x_wconf 90' lang='lat' dir='ltr'><strong>nisscmus,</strong></span> <span class='ocrx_word' id='word_1_3' title='bbox 701 1086 758 1135; x_wconf 85' lang='lat' dir='ltr'><strong>nec</strong></span> <span class='ocrx_word' id='word_1_4' title='bbox 777 1067 810 1133; x_wconf 94' lang='lat' dir='ltr'><strong>in</strong></span> <span class='ocrx_word' id='word_1_5' title='bbox 832 1071 922 1151; x_wconf 86' lang='lat' dir='ltr'><strong>parte</strong></span> <span class='ocrx_word' id='word_1_6' title='bbox 942 1065 1046 1148; x_wconf 77' lang='lat' dir='ltr'><strong>adque</strong></span> <span class='ocrx_word' id='word_1_7' title='bbox 1065 1064 1223 1146; x_wconf 85' lang='lat' dir='ltr'><strong>viciatum,</strong></span> <span class='ocrx_word' id='word_1_8' title='bbox 1245 1063 1323 1133; x_wconf 91' lang='lat' dir='ltr'><strong>illud</strong></span> <span class='ocrx_word' id='word_1_9' title='bbox 1342 1062 1508 1133; x_wconf 75' lang='lat' dir='ltr'><strong>transcribi</strong></span> <span class='ocrx_word' id='word_1_10' title='bbox 1521 1063 1660 1133; x_wconf 78' lang='lat' dir='ltr'><strong>fecimus.</strong></span> <span class='ocrx_word' id='word_1_11' title='bbox 1683 1064 1780 1133; x_wconf 81' lang='lat' dir='ltr'><strong>(luins</strong></span> <span class='ocrx_word' id='word_1_12' title='bbox 1794 1070 1886 1133; x_wconf 85' lang='lat' dir='ltr'><strong>tenor</strong></span> <span class='ocrx_word' id='word_1_13' title='bbox 1898 1063 2041 1148; x_wconf 85' lang='lat' dir='ltr'><strong>sequitur</strong></span> 
     </span>
     <span class='ocr_line' id='line_1_3' title="bbox 518 1168 1262 1254; baseline -0.005 -16"><span class='ocrx_word' id='word_1_14' title='bbox 518 1172 551 1238; x_wconf 93' lang='lat' dir='ltr'><strong>in</strong></span> <span class='ocrx_word' id='word_1_15' title='bbox 571 1172 627 1238; x_wconf 86' lang='lat' dir='ltr'><strong>hec</strong></span> <span class='ocrx_word' id='word_1_16' title='bbox 647 1170 756 1237; x_wconf 90' lang='lat' dir='ltr'><strong>verba:</strong></span> <span class='ocrx_word' id='word_1_17' title='bbox 779 1169 935 1254; x_wconf 76' lang='lat' dir='ltr'><strong>(Sequitur</strong></span> <span class='ocrx_word' id='word_1_18' title='bbox 953 1174 1081 1248; x_wconf 72' lang='lat' dir='ltr'><strong>dipmuu</strong></span> <span class='ocrx_word' id='word_1_19' title='bbox 1101 1172 1155 1232; x_wconf 83' lang='lat' dir='ltr'><strong>Nr.</strong></span> <span class='ocrx_word' id='word_1_20' title='bbox 1175 1168 1262 1252; x_wconf 81' lang='lat'><strong><em>303).</em></strong></span> 
     </span>
    </p>

    <p class='ocr_par' dir='ltr' id='par_1_3' title="bbox 516 1268 2040 2272">
     <span class='ocr_line' id='line_1_4' title="bbox 617 1268 2040 1356; baseline -0.003 -19"><span class='ocrx_word' id='word_1_21' title='bbox 617 1272 684 1339; x_wconf 87' lang='lat' dir='ltr'><strong>Nos</strong></span> <span class='ocrx_word' id='word_1_22' title='bbox 710 1291 782 1356; x_wconf 82' lang='lat' dir='ltr'><strong>ergo</strong></span> <span class='ocrx_word' id='word_1_23' title='bbox 805 1272 963 1355; x_wconf 86' lang='lat' dir='ltr'><strong>cupientes</strong></span> <span class='ocrx_word' id='word_1_24' title='bbox 990 1274 1175 1335; x_wconf 89' lang='lat' dir='ltr'><strong>nostrorum·</strong></span> <span class='ocrx_word' id='word_1_25' title='bbox 1195 1268 1447 1353; x_wconf 80' lang='lat' dir='ltr'><strong>predecessorum</strong></span> <span class='ocrx_word' id='word_1_26' title='bbox 1473 1268 1613 1353; x_wconf 51' lang='lat' dir='ltr'><strong>vestinis</strong></span> <span class='ocrx_word' id='word_1_27' title='bbox 1641 1269 1793 1351; x_wconf 83' lang='lat' dir='ltr'><strong>inherere,</strong></span> <span class='ocrx_word' id='word_1_28' title='bbox 1823 1273 1858 1335; x_wconf 90' lang='lat' dir='ltr'><strong>et</strong></span> <span class='ocrx_word' id='word_1_29' title='bbox 1879 1287 1936 1352; x_wconf 86' lang='lat' dir='ltr'><strong>per</strong></span> <span class='ocrx_word' id='word_1_30' title='bbox 1955 1268 2040 1353; x_wconf 88' lang='lat' dir='ltr'><strong>ipsos</strong></span> 
     </span>
     <span class='ocr_line' id='line_1_5' title="bbox 517 1370 2039 1456; baseline -0.002 -16"><span class='ocrx_word' id='word_1_31' title='bbox 517 1374 620 1441; x_wconf 82' lang='lat' dir='ltr'><strong>divino</strong></span> <span class='ocrx_word' id='word_1_32' title='bbox 650 1375 747 1441; x_wconf 89' lang='lat' dir='ltr'><strong>cultui</strong></span> <span class='ocrx_word' id='word_1_33' title='bbox 769 1379 802 1440; x_wconf 92' lang='lat' dir='ltr'><strong>et</strong></span> <span class='ocrx_word' id='word_1_34' title='bbox 829 1375 862 1439; x_wconf 93' lang='lat' dir='ltr'><strong>in</strong></span> <span class='ocrx_word' id='word_1_35' title='bbox 890 1371 1010 1456; x_wconf 85' lang='lat' dir='ltr'><strong>prelato</strong></span> <span class='ocrx_word' id='word_1_36' title='bbox 1034 1372 1222 1437; x_wconf 85' lang='lat' dir='ltr'><strong>monasterio</strong></span> <span class='ocrx_word' id='word_1_37' title='bbox 1252 1370 1318 1437; x_wconf 90' lang='lat' dir='ltr'><strong>Deo</strong></span> <span class='ocrx_word' id='word_1_38' title='bbox 1347 1370 1570 1437; x_wconf 75' lang='lat' dir='ltr'><strong>famulantibus</strong></span> <span class='ocrx_word' id='word_1_39' title='bbox 1597 1370 1768 1454; x_wconf 67' lang='lat' dir='ltr'><strong>virginibus</strong></span> <span class='ocrx_word' id='word_1_40' title='bbox 1796 1370 1948 1455; x_wconf 85' lang='lat' dir='ltr'><strong>deputata</strong></span> <span class='ocrx_word' id='word_1_41' title='bbox 1976 1388 2039 1437; x_wconf 93' lang='lat' dir='ltr'><strong>non</strong></span> 
     </span>
     <span class='ocr_line' id='line_1_6' title="bbox 517 1472 2040 1558; baseline -0.003 -15"><span class='ocrx_word' id='word_1_42' title='bbox 517 1478 655 1543; x_wconf 78' lang='lat' dir='ltr'><strong>minume</strong></span> <span class='ocrx_word' id='word_1_43' title='bbox 683 1477 736 1543; x_wconf 90' lang='lat' dir='ltr'><strong>sed</strong></span> <span class='ocrx_word' id='word_1_44' title='bbox 756 1494 878 1558; x_wconf 84' lang='lat' dir='ltr'><strong>augere,</strong></span> <span class='ocrx_word' id='word_1_45' title='bbox 908 1476 1011 1540; x_wconf 86' lang='lat' dir='ltr'><strong>omnia</strong></span> <span class='ocrx_word' id='word_1_46' title='bbox 1031 1481 1064 1541; x_wconf 89' lang='lat' dir='ltr'><strong>et</strong></span> <span class='ocrx_word' id='word_1_47' title='bbox 1085 1475 1207 1557; x_wconf 83' lang='lat' dir='ltr'><strong>singula</strong></span> <span class='ocrx_word' id='word_1_48' title='bbox 1234 1475 1414 1558; x_wconf 85' lang='lat' dir='ltr'><strong>supradicta</strong></span> <span class='ocrx_word' id='word_1_49' title='bbox 1441 1480 1512 1541; x_wconf 88' lang='lat' dir='ltr'><strong>rata</strong></span> <span class='ocrx_word' id='word_1_50' title='bbox 1532 1475 1692 1556; x_wconf 87' lang='lat' dir='ltr'><strong>habentes,</strong></span> <span class='ocrx_word' id='word_1_51' title='bbox 1722 1480 1759 1541; x_wconf 91' lang='lat' dir='ltr'><strong>ut</strong></span> <span class='ocrx_word' id='word_1_52' title='bbox 1776 1480 1928 1558; x_wconf 88' lang='lat' dir='ltr'><strong>perpetuo</strong></span> <span class='ocrx_word' id='word_1_53' title='bbox 1949 1472 2040 1540; x_wconf 82' lang='lat' dir='ltr'><strong>firma</strong></span> 
     </span>
     <span class='ocr_line' id='line_1_7' title="bbox 516 1574 2039 1661; baseline 0 -18"><span class='ocrx_word' id='word_1_54' title='bbox 516 1584 718 1661; x_wconf 89' lang='lat' dir='ltr'><strong>permaneant</strong></span> <span class='ocrx_word' id='word_1_55' title='bbox 739 1576 932 1661; x_wconf 89' lang='lat' dir='ltr'><strong>presentibus</strong></span> <span class='ocrx_word' id='word_1_56' title='bbox 954 1576 1178 1658; x_wconf 86' lang='lat' dir='ltr'><strong>confirmamus,</strong></span> <span class='ocrx_word' id='word_1_57' title='bbox 1199 1577 1322 1659; x_wconf 86' lang='lat' dir='ltr'><strong>siquid</strong></span> <span class='ocrx_word' id='word_1_58' title='bbox 1343 1576 1537 1660; x_wconf 85' lang='lat' dir='ltr'><strong>exuepcionis</strong></span> <span class='ocrx_word' id='word_1_59' title='bbox 1558 1582 1667 1643; x_wconf 87' lang='lat' dir='ltr'><strong>eontra</strong></span> <span class='ocrx_word' id='word_1_60' title='bbox 1689 1576 1818 1643; x_wconf 88' lang='lat' dir='ltr'><strong>eandem</strong></span> <span class='ocrx_word' id='word_1_61' title='bbox 1838 1574 2039 1643; x_wconf 87' lang='lat' dir='ltr'><strong>donacionem</strong></span> 
     </span>
     <span class='ocr_line' id='line_1_8' title="bbox 517 1678 2038 1765; baseline -0.002 -19"><span class='ocrx_word' id='word_1_62' title='bbox 517 1682 627 1763; x_wconf 90' lang='lat' dir='ltr'><strong>cuique</strong></span> <span class='ocrx_word' id='word_1_63' title='bbox 654 1680 752 1765; x_wconf 88' lang='lat' dir='ltr'><strong>possit</strong></span> <span class='ocrx_word' id='word_1_64' title='bbox 773 1684 945 1761; x_wconf 87' lang='lat' dir='ltr'><strong>competere</strong></span> <span class='ocrx_word' id='word_1_65' title='bbox 972 1678 1096 1762; x_wconf 90' lang='lat' dir='ltr'><strong>penitus</strong></span> <span class='ocrx_word' id='word_1_66' title='bbox 1122 1683 1309 1760; x_wconf 74' lang='lat' dir='ltr'><strong>amoventes,</strong></span> <span class='ocrx_word' id='word_1_67' title='bbox 1335 1684 1368 1745; x_wconf 89' lang='lat' dir='ltr'><strong>et</strong></span> <span class='ocrx_word' id='word_1_68' title='bbox 1388 1679 1416 1744; x_wconf 92' lang='lat' dir='ltr'><strong>si</strong></span> <span class='ocrx_word' id='word_1_69' title='bbox 1443 1679 1518 1761; x_wconf 88' lang='lat' dir='ltr'><strong>quid</strong></span> <span class='ocrx_word' id='word_1_70' title='bbox 1538 1679 1641 1744; x_wconf 90' lang='lat' dir='ltr'><strong>minus</strong></span> <span class='ocrx_word' id='word_1_71' title='bbox 1669 1678 1807 1745; x_wconf 82' lang='lat' dir='ltr'><strong>ualidum</strong></span> <span class='ocrx_word' id='word_1_72' title='bbox 1836 1679 1870 1743; x_wconf 93' lang='lat' dir='ltr'><strong>in</strong></span> <span class='ocrx_word' id='word_1_73' title='bbox 1888 1697 1927 1745; x_wconf 89' lang='lat' dir='ltr'><strong>ea</strong></span> <span class='ocrx_word' id='word_1_74' title='bbox 1947 1678 2038 1760; x_wconf 85' lang='lat' dir='ltr'><strong>toret,</strong></span> 
     </span>
     <span class='ocr_line' id='line_1_9' title="bbox 517 1779 2040 1865; baseline 0 -18"><span class='ocrx_word' id='word_1_75' title='bbox 517 1781 640 1865; x_wconf 89' lang='lat' dir='ltr'><strong>penitus</strong></span> <span class='ocrx_word' id='word_1_76' title='bbox 667 1781 856 1848; x_wconf 89' lang='lat' dir='ltr'><strong>roborantes.</strong></span> <span class='ocrx_word' id='word_1_77' title='bbox 900 1781 980 1847; x_wconf 85' lang='lat' dir='ltr'><strong>Acta</strong></span> <span class='ocrx_word' id='word_1_78' title='bbox 1008 1785 1082 1845; x_wconf 91' lang='lat' dir='ltr'><strong>sunt</strong></span> <span class='ocrx_word' id='word_1_79' title='bbox 1107 1780 1164 1846; x_wconf 89' lang='lat' dir='ltr'><strong>heu</strong></span> <span class='ocrx_word' id='word_1_80' title='bbox 1189 1780 1344 1847; x_wconf 85' lang='lat' dir='ltr'><strong>Poznanie</strong></span> <span class='ocrx_word' id='word_1_81' title='bbox 1372 1798 1454 1846; x_wconf 87' lang='lat' dir='ltr'><strong>anno</strong></span> <span class='ocrx_word' id='word_1_82' title='bbox 1483 1779 1608 1846; x_wconf 86' lang='lat' dir='ltr'><strong>Domini</strong></span> <span class='ocrx_word' id='word_1_83' title='bbox 1633 1780 1798 1846; x_wconf 89' lang='lat' dir='ltr'><strong>millesimo</strong></span> <span class='ocrx_word' id='word_1_84' title='bbox 1827 1780 2040 1847; x_wconf 78' lang='lat' dir='ltr'><strong>ducentesimo</strong></span> 
     </span>
     <span class='ocr_line' id='line_1_10' title="bbox 518 1880 2040 1967; baseline 0 -18"><span class='ocrx_word' id='word_1_85' title='bbox 518 1883 714 1966; x_wconf 78' lang='lat' dir='ltr'><strong>nonagesimo</strong></span> <span class='ocrx_word' id='word_1_86' title='bbox 732 1888 850 1962; x_wconf 83' lang='lat' dir='ltr'><strong>octavo,</strong></span> <span class='ocrx_word' id='word_1_87' title='bbox 873 1881 1067 1966; x_wconf 80' lang='lat' dir='ltr'><strong>presentibus</strong></span> <span class='ocrx_word' id='word_1_88' title='bbox 1089 1880 1257 1947; x_wconf 87' lang='lat' dir='ltr'><strong>venerabili</strong></span> <span class='ocrx_word' id='word_1_89' title='bbox 1278 1887 1369 1964; x_wconf 90' lang='lat' dir='ltr'><strong>patre</strong></span> <span class='ocrx_word' id='word_1_90' title='bbox 1390 1881 1514 1948; x_wconf 93' lang='lat' dir='ltr'><strong>domino</strong></span> <span class='ocrx_word' id='word_1_91' title='bbox 1528 1882 1654 1948; x_wconf 84' lang='lat' dir='ltr'><strong>Andrea</strong></span> <span class='ocrx_word' id='word_1_92' title='bbox 1666 1882 1871 1949; x_wconf 88' lang='lat' dir='ltr'><strong>Poznaniensi</strong></span> <span class='ocrx_word' id='word_1_93' title='bbox 1885 1882 2040 1967; x_wconf 88' lang='lat' dir='ltr'><strong>episeopo,</strong></span> 
     </span>
     <span class='ocr_line' id='line_1_11' title="bbox 517 1982 2039 2068; baseline -0.001 -17"><span class='ocrx_word' id='word_1_94' title='bbox 517 1985 665 2051; x_wconf 90' lang='lat' dir='ltr'><strong>Petrcone</strong></span> <span class='ocrx_word' id='word_1_95' title='bbox 679 1984 818 2067; x_wconf 89' lang='lat' dir='ltr'><strong>palatino</strong></span> <span class='ocrx_word' id='word_1_96' title='bbox 832 1983 1044 2063; x_wconf 87' lang='lat' dir='ltr'><strong>Poznaniensi,</strong></span> <span class='ocrx_word' id='word_1_97' title='bbox 1064 1983 1193 2050; x_wconf 90' lang='lat' dir='ltr'><strong>Nicolao</strong></span> <span class='ocrx_word' id='word_1_98' title='bbox 1209 1982 1349 2065; x_wconf 83' lang='lat' dir='ltr'><strong>palatino</strong></span> <span class='ocrx_word' id='word_1_99' title='bbox 1362 1982 1539 2064; x_wconf 87' lang='lat' dir='ltr'><strong>Kalisiensi,</strong></span> <span class='ocrx_word' id='word_1_100' title='bbox 1561 1983 1722 2050; x_wconf 90' lang='lat' dir='ltr'><strong>Bronissio</strong></span> <span class='ocrx_word' id='word_1_101' title='bbox 1736 1984 1877 2067; x_wconf 83' lang='lat' dir='ltr'><strong>palatino</strong></span> <span class='ocrx_word' id='word_1_102' title='bbox 1893 1984 2039 2068; x_wconf 81' lang='lat' dir='ltr'><strong>(luyavie,</strong></span> 
     </span>
     <span class='ocr_line' id='line_1_12' title="bbox 516 2085 2039 2169; baseline 0.001 -18"><span class='ocrx_word' id='word_1_103' title='bbox 516 2086 697 2169; x_wconf 84' lang='lat' dir='ltr'><strong>Sandivogio</strong></span> <span class='ocrx_word' id='word_1_104' title='bbox 713 2085 881 2153; x_wconf 85' lang='lat' dir='ltr'><strong>castellano</strong></span> <span class='ocrx_word' id='word_1_105' title='bbox 896 2085 1108 2166; x_wconf 85' lang='lat' dir='ltr'><strong>Pomaniansi,</strong></span> <span class='ocrx_word' id='word_1_106' title='bbox 1130 2085 1265 2151; x_wconf 85' lang='lat' dir='ltr'><strong>Kaleone</strong></span> <span class='ocrx_word' id='word_1_107' title='bbox 1279 2085 1448 2151; x_wconf 85' lang='lat' dir='ltr'><strong>castellano</strong></span> <span class='ocrx_word' id='word_1_108' title='bbox 1467 2085 1651 2168; x_wconf 85' lang='lat' dir='ltr'><strong>Gneanensi,</strong></span> <span class='ocrx_word' id='word_1_109' title='bbox 1673 2087 1825 2169; x_wconf 79' lang='lat' dir='ltr'><strong>Bogussio</strong></span> <span class='ocrx_word' id='word_1_110' title='bbox 1839 2088 1941 2154; x_wconf 89' lang='lat' dir='ltr'><strong>iudice</strong></span> <span class='ocrx_word' id='word_1_111' title='bbox 1956 2088 2039 2153; x_wconf 86' lang='lat' dir='ltr'><strong>Gne·</strong></span> 
     </span>
     <span class='ocr_line' id='line_1_13' title="bbox 518 2186 2040 2272; baseline 0.002 -20"><span class='ocrx_word' id='word_1_112' title='bbox 518 2190 634 2268; x_wconf 84' lang='lat' dir='ltr'><strong>znensi,</strong></span> <span class='ocrx_word' id='word_1_113' title='bbox 656 2188 766 2255; x_wconf 86' lang='lat' dir='ltr'><strong>Iacobo</strong></span> <span class='ocrx_word' id='word_1_114' title='bbox 787 2188 968 2254; x_wconf 85' lang='lat' dir='ltr'><strong>cancellario</strong></span> <span class='ocrx_word' id='word_1_115' title='bbox 990 2186 1105 2251; x_wconf 92' lang='lat' dir='ltr'><strong>domini</strong></span> <span class='ocrx_word' id='word_1_116' title='bbox 1125 2186 1343 2252; x_wconf 84' lang='lat' dir='ltr'><strong>Poznaniensis</strong></span> <span class='ocrx_word' id='word_1_117' title='bbox 1365 2188 1509 2270; x_wconf 88' lang='lat' dir='ltr'><strong>episcopi,</strong></span> <span class='ocrx_word' id='word_1_118' title='bbox 1536 2194 1570 2253; x_wconf 89' lang='lat' dir='ltr'><strong>et</strong></span> <span class='ocrx_word' id='word_1_119' title='bbox 1590 2188 1660 2255; x_wconf 88' lang='lat' dir='ltr'><strong>aliis</strong></span> <span class='ocrx_word' id='word_1_120' title='bbox 1682 2208 1776 2271; x_wconf 88' lang='lat' dir='ltr'><strong>quam</strong></span> <span class='ocrx_word' id='word_1_121' title='bbox 1798 2189 1948 2272; x_wconf 89' lang='lat' dir='ltr'><strong>pluribus.</strong></span> <span class='ocrx_word' id='word_1_122' title='bbox 1992 2188 2040 2255; x_wconf 92' lang='lat' dir='ltr'><strong>Ut</strong></span> 
     </span>
    </p>
   </div>
   <div class='ocr_carea' id='block_1_3' title="bbox 411 2286 2039 2375">
    <p class='ocr_par' dir='ltr' id='par_1_4' title="bbox 411 2286 2039 2375">
     <span class='ocr_line' id='line_1_14' title="bbox 411 2286 2039 2375; baseline 0.002 -21"><span class='ocrx_word' id='word_1_123' title='bbox 411 2289 416 2303; x_wconf 87' lang='lat'><em>&#39;</em></span> <span class='ocrx_word' id='word_1_124' title='bbox 515 2295 618 2355; x_wconf 88' lang='lat' dir='ltr'><strong>autem</strong></span> <span class='ocrx_word' id='word_1_125' title='bbox 640 2290 697 2357; x_wconf 91' lang='lat' dir='ltr'><strong>heo</strong></span> <span class='ocrx_word' id='word_1_126' title='bbox 717 2296 826 2355; x_wconf 90' lang='lat' dir='ltr'><strong>nostra</strong></span> <span class='ocrx_word' id='word_1_127' title='bbox 851 2288 1032 2355; x_wconf 79' lang='lat' dir='ltr'><strong>ratihabitio</strong></span> <span class='ocrx_word' id='word_1_128' title='bbox 1054 2292 1086 2353; x_wconf 89' lang='lat' dir='ltr'><strong>et</strong></span> <span class='ocrx_word' id='word_1_129' title='bbox 1104 2286 1298 2353; x_wconf 88' lang='lat' dir='ltr'><strong>confirmacio</strong></span> <span class='ocrx_word' id='word_1_130' title='bbox 1324 2286 1414 2354; x_wconf 86' lang='lat' dir='ltr'><strong>firma</strong></span> <span class='ocrx_word' id='word_1_131' title='bbox 1434 2294 1468 2355; x_wconf 88' lang='lat' dir='ltr'><strong>et</strong></span> <span class='ocrx_word' id='word_1_132' title='bbox 1486 2289 1673 2356; x_wconf 83' lang='lat' dir='ltr'><strong>inviolabilis</strong></span> <span class='ocrx_word' id='word_1_133' title='bbox 1697 2296 1884 2373; x_wconf 80' lang='lat' dir='ltr'><strong>perseveret,</strong></span> <span class='ocrx_word' id='word_1_134' title='bbox 1914 2306 2039 2375; x_wconf 90' lang='lat' dir='ltr'><strong>presen-</strong></span> 
     </span>
    </p>
   </div>
   <div class='ocr_carea' id='block_1_4' title="bbox 514 2387 2039 2561">
    <p class='ocr_par' dir='ltr' id='par_1_5' title="bbox 514 2387 2039 2561">
     <span class='ocr_line' id='line_1_15' title="bbox 517 2387 2039 2557; baseline 0.002 -101"><span class='ocrx_word' id='word_1_135' title='bbox 517 2398 591 2557; x_wconf 85' lang='lat' dir='ltr'><strong>temd</strong></span> <span class='ocrx_word' id='word_1_136' title='bbox 599 2390 735 2459; x_wconf 89' lang='lat' dir='ltr'><strong>litteram</strong></span> <span class='ocrx_word' id='word_1_137' title='bbox 761 2391 942 2477; x_wconf 87' lang='lat' dir='ltr'><strong>sigillorum,</strong></span> <span class='ocrx_word' id='word_1_138' title='bbox 969 2390 1067 2457; x_wconf 89' lang='lat' dir='ltr'><strong>nostri</strong></span> <span class='ocrx_word' id='word_1_139' title='bbox 1089 2395 1122 2455; x_wconf 91' lang='lat' dir='ltr'><strong>et</strong></span> <span class='ocrx_word' id='word_1_140' title='bbox 1143 2387 1256 2475; x_wconf 83' lang='lat' dir='ltr'><strong>prefati</strong></span> <span class='ocrx_word' id='word_1_141' title='bbox 1283 2388 1399 2455; x_wconf 92' lang='lat' dir='ltr'><strong>domini</strong></span> <span class='ocrx_word' id='word_1_142' title='bbox 1419 2391 1566 2474; x_wconf 88' lang='lat' dir='ltr'><strong>episcopi,</strong></span> <span class='ocrx_word' id='word_1_143' title='bbox 1591 2393 1762 2460; x_wconf 92' lang='lat' dir='ltr'><strong>munimine</strong></span> <span class='ocrx_word' id='word_1_144' title='bbox 1782 2393 1927 2459; x_wconf 84' lang='lat' dir='ltr'><strong>duximus</strong></span> <span class='ocrx_word' id='word_1_145' title='bbox 1948 2393 2039 2459; x_wconf 73' lang='lat' dir='ltr'><strong>robe</strong></span> 
     </span>
     <span class='ocr_line' id='line_1_16' title="bbox 514 2510 653 2561; baseline 0.022 -3"><span class='ocrx_word' id='word_1_146' title='bbox 514 2510 571 2558; x_wconf 90' lang='lat' dir='ltr'><strong>ran</strong></span> <span class='ocrx_word' id='word_1_147' title='bbox 592 2512 653 2561; x_wconf 88' lang='lat' dir='ltr'><strong>nm.</strong></span> 
     </span>
    </p>
   </div>
   <div class='ocr_carea' id='block_1_5' title="bbox 616 2695 951 2780">
    <p class='ocr_par' dir='ltr' id='par_1_6' title="bbox 616 2695 951 2780">
     <span class='ocr_line' id='line_1_17' title="bbox 616 2695 951 2780; baseline 0.003 -18"><span class='ocrx_word' id='word_1_148' title='bbox 616 2695 778 2780; x_wconf 85' lang='lat' dir='ltr'><strong>Owensko,</strong></span> <span class='ocrx_word' id='word_1_149' title='bbox 808 2695 951 2763; x_wconf 74' lang='lat' dir='ltr'><strong>Orridsla</strong></span> 
     </span>
    </p>
   </div>
   <div class='ocr_carea' id='block_1_6' title="bbox 1172 3020 1375 3111">
    <p class='ocr_par' dir='ltr' id='par_1_7' title="bbox 1172 3020 1375 3111">
     <span class='ocr_line' id='line_1_18' title="bbox 1172 3020 1375 3111; baseline 0.015 -3"><span class='ocrx_word' id='word_1_150' title='bbox 1172 3028 1244 3111; x_wconf 89' lang='lat' dir='ltr'><strong>Nr.</strong></span> <span class='ocrx_word' id='word_1_151' title='bbox 1279 3020 1375 3111; x_wconf 79' lang='lat'><strong>775.</strong></span> 
     </span>
    </p>
   </div>
   <div class='ocr_carea' id='block_1_7' title="bbox 615 3239 2037 3348">
    <p class='ocr_par' dir='ltr' id='par_1_8' title="bbox 615 3239 2037 3348">
     <span class='ocr_line' id='line_1_19' title="bbox 615 3239 2037 3348; baseline 0.008 -28"><span class='ocrx_word' id='word_1_152' title='bbox 615 3239 844 3322; x_wconf 82' lang='lat' dir='ltr'><strong>wladislaus</strong></span> <span class='ocrx_word' id='word_1_153' title='bbox 871 3241 946 3322; x_wconf 80' lang='lat' dir='ltr'><strong>dun</strong></span> <span class='ocrx_word' id='word_1_154' title='bbox 972 3240 1080 3341; x_wconf 83' lang='lat' dir='ltr'><strong>regni</strong></span> <span class='ocrx_word' id='word_1_155' title='bbox 1104 3240 1253 3322; x_wconf 88' lang='lat' dir='ltr'><strong>Polonio</strong></span> <span class='ocrx_word' id='word_1_156' title='bbox 1279 3243 1345 3322; x_wconf 84' lang='lat' dir='ltr'><strong>otc</strong></span> <span class='ocrx_word' id='word_1_157' title='bbox 1372 3245 1507 3323; x_wconf 77' lang='lat'>1298</span> <span class='ocrx_word' id='word_1_158' title='bbox 1534 3244 1614 3326; x_wconf 84' lang='lat' dir='ltr'><strong>ad.</strong></span> <span class='ocrx_word' id='word_1_159' title='bbox 1642 3246 1679 3325; x_wconf 88' lang='lat' dir='ltr'><strong>st</strong></span> <span class='ocrx_word' id='word_1_160' title='bbox 1702 3244 1747 3345; x_wconf 83' lang='lat' dir='ltr'><strong>l.;</strong></span> <span class='ocrx_word' id='word_1_161' title='bbox 1781 3260 1944 3331; x_wconf 70' lang='lat' dir='ltr'><strong>ammae</strong></span> <span class='ocrx_word' id='word_1_162' title='bbox 1973 3265 2037 3348; x_wconf 81' lang='lat' dir='ltr'><strong>pri-</strong></span> 
     </span>
    </p>
   </div>
   <div class='ocr_carea' id='block_1_8' title="bbox 512 3359 2036 3576">
    <p class='ocr_par' dir='ltr' id='par_1_9' title="bbox 512 3359 2036 3576">
     <span class='ocr_line' id='line_1_20' title="bbox 512 3359 2036 3466; baseline -0.008 -16"><span class='ocrx_word' id='word_1_163' title='bbox 512 3380 665 3461; x_wconf 81' lang='lat' dir='ltr'><strong>vilegium,</strong></span> <span class='ocrx_word' id='word_1_164' title='bbox 692 3378 775 3459; x_wconf 83' lang='lat' dir='ltr'><strong>quou</strong></span> <span class='ocrx_word' id='word_1_165' title='bbox 797 3376 1248 3445; x_wconf 61' lang='lat' dir='ltr'><strong>decantandorum:</strong></span> <span class='ocrx_word' id='word_1_166' title='bbox 1273 3359 1429 3441; x_wconf 73' lang='lat' dir='ltr'>1²10an</span> <span class='ocrx_word' id='word_1_167' title='bbox 1455 3363 1492 3443; x_wconf 86' lang='lat' dir='ltr'><strong>ot</strong></span> <span class='ocrx_word' id='word_1_168' title='bbox 1507 3360 1709 3463; x_wconf 81' lang='lat' dir='ltr'><strong>Boleolom,</strong></span> <span class='ocrx_word' id='word_1_169' title='bbox 1735 3362 2036 3466; x_wconf 65' lang='lat' dir='ltr'><strong>domuerint,</strong></span> 
     </span>
     <span class='ocr_line' id='line_1_21' title="bbox 514 3478 1373 3576; baseline -0.022 -16"><span class='ocrx_word' id='word_1_170' title='bbox 514 3480 620 3561; x_wconf 89' lang='lat' dir='ltr'><strong>duces</strong></span> <span class='ocrx_word' id='word_1_171' title='bbox 646 3478 792 3561; x_wconf 91' lang='lat' dir='ltr'><strong>Polonio</strong></span> <span class='ocrx_word' id='word_1_172' title='bbox 819 3480 954 3557; x_wconf 74' lang='lat'>1253</span> <span class='ocrx_word' id='word_1_173' title='bbox 981 3498 1009 3560; x_wconf 92' lang='lat' dir='ltr'><strong>s.</strong></span> <span class='ocrx_word' id='word_1_174' title='bbox 1037 3479 1080 3576; x_wconf 90' lang='lat' dir='ltr'><strong>d,</strong></span> <span class='ocrx_word' id='word_1_175' title='bbox 1111 3478 1153 3560; x_wconf 87' lang='lat' dir='ltr'><strong>in</strong></span> <span class='ocrx_word' id='word_1_176' title='bbox 1178 3478 1373 3560; x_wconf 47' lang='lat' dir='ltr'><strong>Pomm&amp;</strong></span> 
     </span>
    </p>
   </div>
   <div class='ocr_carea' id='block_1_9' title="bbox 510 3596 2039 3986">
    <p class='ocr_par' dir='ltr' id='par_1_10' title="bbox 510 3596 2039 3986">
     <span class='ocr_line' id='line_1_22' title="bbox 620 3596 2039 3687; baseline 0.005 -24"><span class='ocrx_word' id='word_1_177' title='bbox 620 3602 822 3678; x_wconf 71' lang='lat' dir='ltr'><strong>lrammmpt,</strong></span> <span class='ocrx_word' id='word_1_178' title='bbox 845 3596 933 3677; x_wconf 70' lang='lat' dir='ltr'><strong>ktdry</strong></span> <span class='ocrx_word' id='word_1_179' title='bbox 952 3602 1128 3681; x_wconf 76' lang='lat' dir='ltr'><strong>sporzpdztl</strong></span> <span class='ocrx_word' id='word_1_180' title='bbox 1147 3599 1188 3663; x_wconf 90' lang='lat' dir='ltr'><strong>ad</strong></span> <span class='ocrx_word' id='word_1_181' title='bbox 1208 3597 1390 3663; x_wconf 84' lang='lat' dir='ltr'><strong>mandatum</strong></span> <span class='ocrx_word' id='word_1_182' title='bbox 1411 3597 1527 3664; x_wconf 88' lang='lat' dir='ltr'><strong>domini</strong></span> <span class='ocrx_word' id='word_1_183' title='bbox 1545 3598 1642 3681; x_wconf 78' lang='lat' dir='ltr'><strong>regis:</strong></span> <span class='ocrx_word' id='word_1_184' title='bbox 1664 3599 1777 3666; x_wconf 83' lang='lat' dir='ltr'><strong>Petrus</strong></span> <span class='ocrx_word' id='word_1_185' title='bbox 1794 3601 1834 3667; x_wconf 88' lang='lat' dir='ltr'><strong>de</strong></span> <span class='ocrx_word' id='word_1_186' title='bbox 1846 3601 2039 3687; x_wconf 81' lang='lat' dir='ltr'><strong>Sczekooiny</strong></span> 
     </span>
     <span class='ocr_line' id='line_1_23' title="bbox 510 3698 2038 3786; baseline 0.002 -21"><span class='ocrx_word' id='word_1_187' title='bbox 510 3700 596 3781; x_wconf 80' lang='lat' dir='ltr'><strong>regni</strong></span> <span class='ocrx_word' id='word_1_188' title='bbox 618 3699 746 3768; x_wconf 89' lang='lat' dir='ltr'><strong>Polunie</strong></span> <span class='ocrx_word' id='word_1_189' title='bbox 766 3698 1035 3781; x_wconf 76' lang='lat' dir='ltr'><strong>riuecancellarius</strong></span> <span class='ocrx_word' id='word_1_190' title='bbox 1059 3700 1140 3765; x_wconf 82' lang='lat'><strong>1443</strong></span> <span class='ocrx_word' id='word_1_191' title='bbox 1163 3700 1231 3765; x_wconf 93' lang='lat' dir='ltr'><strong>lun.</strong></span> <span class='ocrx_word' id='word_1_192' title='bbox 1253 3698 1303 3780; x_wconf 81' lang='lat'><strong>12,</strong></span> <span class='ocrx_word' id='word_1_193' title='bbox 1325 3699 1442 3781; x_wconf 83' lang='lat' dir='ltr'><strong>Budae,</strong></span> <span class='ocrx_word' id='word_1_194' title='bbox 1465 3722 1492 3763; x_wconf 80' lang='lat' dir='ltr'><strong>m</strong></span> <span class='ocrx_word' id='word_1_195' title='bbox 1510 3708 1699 3781; x_wconf 73' lang='lat' dir='ltr'><strong>perpomuae</strong></span> <span class='ocrx_word' id='word_1_196' title='bbox 1723 3708 1939 3785; x_wconf 67' lang='lat' dir='ltr'><strong>orypasolnyra</strong></span> <span class='ocrx_word' id='word_1_197' title='bbox 1955 3726 2038 3786; x_wconf 76' lang='lat' dir='ltr'><strong>przp</strong></span> 
     </span>
     <span class='ocr_line' id='line_1_24' title="bbox 510 3800 1978 3892; baseline 0.006 -29"><span class='ocrx_word' id='word_1_198' title='bbox 510 3800 624 3881; x_wconf 68' lang='lat' dir='ltr'><strong>ktdrpm</strong></span> <span class='ocrx_word' id='word_1_199' title='bbox 640 3806 802 3883; x_wconf 81' lang='lat' dir='ltr'><strong>pozoatuty</strong></span> <span class='ocrx_word' id='word_1_200' title='bbox 821 3821 934 3883; x_wconf 69' lang='lat' dir='ltr'><strong>sancey</strong></span> <span class='ocrx_word' id='word_1_201' title='bbox 948 3804 1115 3882; x_wconf 76' lang='lat' dir='ltr'><strong>J&#39;edrvuboe,</strong></span> <span class='ocrx_word' id='word_1_202' title='bbox 1135 3808 1284 3882; x_wconf 63' lang='lat' dir='ltr'><strong>morou,</strong></span> <span class='ocrx_word' id='word_1_203' title='bbox 1306 3806 1347 3865; x_wconf 86' lang='lat' dir='ltr'><strong>od</strong></span> <span class='ocrx_word' id='word_1_204' title='bbox 1361 3808 1598 3883; x_wconf 73' lang='lat' dir='ltr'><strong>przpwieozenia</strong></span> <span class='ocrx_word' id='word_1_205' title='bbox 1619 3803 1735 3881; x_wconf 75' lang='lat' dir='ltr'><strong>zoellrllj</strong></span> <span class='ocrx_word' id='word_1_206' title='bbox 1752 3806 1820 3869; x_wconf 70' lang='lat' dir='ltr'><strong>dri-l</strong></span> <span class='ocrx_word' id='word_1_207' title='bbox 1836 3812 1978 3892; x_wconf 59' lang='lat' dir='ltr'><strong>plessero·</strong></span> 
     </span>
     <span class='ocr_line' id='line_1_25' title="bbox 613 3904 1679 3986; baseline -0.001 -16"><span class='ocrx_word' id='word_1_208' title='bbox 613 3904 746 3971; x_wconf 79' lang='lat' dir='ltr'><strong>Pozourl.</strong></span> <span class='ocrx_word' id='word_1_209' title='bbox 791 3909 907 3985; x_wconf 73' lang='lat' dir='ltr'><strong>Itdnipl.</strong></span> <span class='ocrx_word' id='word_1_210' title='bbox 932 3908 1035 3969; x_wconf 82' lang='lat' dir='ltr'><strong>Stuotr</strong></span> <span class='ocrx_word' id='word_1_211' title='bbox 1056 3910 1145 3971; x_wconf 80' lang='lat' dir='ltr'><strong>Arcb.</strong></span> <span class='ocrx_word' id='word_1_212' title='bbox 1192 3906 1298 3986; x_wconf 82' lang='lat' dir='ltr'><strong>Posen,</strong></span> <span class='ocrx_word' id='word_1_213' title='bbox 1326 3908 1524 3985; x_wconf 62' lang='lat' dir='ltr'><strong>&amp;Manca</strong></span> <span class='ocrx_word' id='word_1_214' title='bbox 1531 3908 1679 3970; x_wconf 79' lang='lat' dir='ltr'><strong>Urlaoede.</strong></span> 
     </span>
    </p>
   </div>
   <div class='ocr_carea' id='block_1_10' title="bbox 610 4125 2039 4212">
    <p class='ocr_par' dir='ltr' id='par_1_11' title="bbox 610 4125 2039 4212">
     <span class='ocr_line' id='line_1_26' title="bbox 610 4125 2039 4212; baseline 0.003 -18"><span class='ocrx_word' id='word_1_215' title='bbox 610 4127 648 4194; x_wconf 94' lang='lat' dir='ltr'><strong>ln</strong></span> <span class='ocrx_word' id='word_1_216' title='bbox 669 4128 793 4195; x_wconf 89' lang='lat' dir='ltr'><strong>nomine</strong></span> <span class='ocrx_word' id='word_1_217' title='bbox 813 4126 939 4193; x_wconf 90' lang='lat' dir='ltr'><strong>Domini</strong></span> <span class='ocrx_word' id='word_1_218' title='bbox 963 4144 1062 4193; x_wconf 86' lang='lat' dir='ltr'><strong>amen.</strong></span> <span class='ocrx_word' id='word_1_219' title='bbox 1106 4126 1258 4207; x_wconf 83' lang='lat' dir='ltr'><strong>Quoniam</strong></span> <span class='ocrx_word' id='word_1_220' title='bbox 1270 4144 1309 4192; x_wconf 89' lang='lat' dir='ltr'><strong>ea</strong></span> <span class='ocrx_word' id='word_1_221' title='bbox 1320 4144 1382 4208; x_wconf 90' lang='lat' dir='ltr'><strong>qne</strong></span> <span class='ocrx_word' id='word_1_222' title='bbox 1394 4125 1428 4191; x_wconf 92' lang='lat' dir='ltr'><strong>in</strong></span> <span class='ocrx_word' id='word_1_223' title='bbox 1442 4130 1582 4208; x_wconf 87' lang='lat' dir='ltr'><strong>tempore</strong></span> <span class='ocrx_word' id='word_1_224' title='bbox 1593 4130 1739 4209; x_wconf 77' lang='lat' dir='ltr'><strong>aguntur,</strong></span> <span class='ocrx_word' id='word_1_225' title='bbox 1759 4126 1885 4194; x_wconf 85' lang='lat' dir='ltr'><strong>labente</strong></span> <span class='ocrx_word' id='word_1_226' title='bbox 1898 4133 2039 4212; x_wconf 88' lang='lat' dir='ltr'><strong>tempore</strong></span> 
     </span>
    </p>
   </div>
   <div class='ocr_carea' id='block_1_11' title="bbox 389 4204 2038 4315">
    <p class='ocr_par' dir='ltr' id='par_1_12' title="bbox 389 4204 2038 4315">
     <span class='ocr_line' id='line_1_27' title="bbox 389 4204 2038 4315; baseline 0 -18"><span class='ocrx_word' id='word_1_227' title='bbox 389 4204 395 4217; x_wconf 57' lang='grc'><strong>’</strong></span> <span class='ocrx_word' id='word_1_228' title='bbox 509 4229 700 4298; x_wconf 87' lang='lat' dir='ltr'><strong>ememoria</strong></span> <span class='ocrx_word' id='word_1_229' title='bbox 724 4227 884 4295; x_wconf 89' lang='lat' dir='ltr'><strong>hominum</strong></span> <span class='ocrx_word' id='word_1_230' title='bbox 906 4232 1093 4294; x_wconf 72' lang='lat' dir='ltr'><strong>evanmcnnt</strong></span> <span class='ocrx_word' id='word_1_231' title='bbox 1120 4227 1182 4294; x_wconf 89' lang='lat' dir='ltr'><strong>nisi</strong></span> <span class='ocrx_word' id='word_1_232' title='bbox 1202 4228 1381 4295; x_wconf 84' lang='lat' dir='ltr'><strong>testimonio</strong></span> <span class='ocrx_word' id='word_1_233' title='bbox 1406 4227 1457 4293; x_wconf 83' lang='lat' dir='ltr'><strong>rel</strong></span> <span class='ocrx_word' id='word_1_234' title='bbox 1477 4228 1633 4311; x_wconf 87' lang='lat' dir='ltr'><strong>scriptura</strong></span> <span class='ocrx_word' id='word_1_235' title='bbox 1651 4230 1810 4296; x_wconf 87' lang='lat' dir='ltr'><strong>autentica</strong></span> <span class='ocrx_word' id='word_1_236' title='bbox 1830 4230 1947 4297; x_wconf 89' lang='lat' dir='ltr'><strong>luerint</strong></span> <span class='ocrx_word' id='word_1_237' title='bbox 1965 4250 2038 4315; x_wconf 90' lang='lat' dir='ltr'><strong>per·</strong></span> 
     </span>
    </p>
   </div>
   <div class='ocr_carea' id='block_1_12' title="bbox 505 4327 2039 5846">
    <p class='ocr_par' dir='ltr' id='par_1_13' title="bbox 505 4327 2037 4824">
     <span class='ocr_line' id='line_1_28' title="bbox 508 4327 2037 4418; baseline 0.003 -21"><span class='ocrx_word' id='word_1_238' title='bbox 508 4332 655 4411; x_wconf 88' lang='lat' dir='ltr'><strong>bennato,</strong></span> <span class='ocrx_word' id='word_1_239' title='bbox 677 4348 734 4396; x_wconf 91' lang='lat' dir='ltr'><strong>nos</strong></span> <span class='ocrx_word' id='word_1_240' title='bbox 755 4328 852 4412; x_wconf 83' lang='lat' dir='ltr'><strong>igitur</strong></span> <span class='ocrx_word' id='word_1_241' title='bbox 872 4327 1071 4410; x_wconf 79' lang='lat' dir='ltr'><strong>wladislaus,</strong></span> <span class='ocrx_word' id='word_1_242' title='bbox 1093 4328 1152 4395; x_wconf 88' lang='lat' dir='ltr'><strong>Dei</strong></span> <span class='ocrx_word' id='word_1_243' title='bbox 1173 4329 1278 4411; x_wconf 79' lang='lat' dir='ltr'><strong>gracia</strong></span> <span class='ocrx_word' id='word_1_244' title='bbox 1297 4329 1361 4395; x_wconf 83' lang='lat' dir='ltr'><strong>dux</strong></span> <span class='ocrx_word' id='word_1_245' title='bbox 1382 4329 1470 4418; x_wconf 79' lang='lat' dir='ltr'><strong>regni</strong></span> <span class='ocrx_word' id='word_1_246' title='bbox 1483 4328 1611 4396; x_wconf 91' lang='lat' dir='ltr'><strong>Polonie</strong></span> <span class='ocrx_word' id='word_1_247' title='bbox 1624 4335 1657 4396; x_wconf 90' lang='lat' dir='ltr'><strong>et</strong></span> <span class='ocrx_word' id='word_1_248' title='bbox 1674 4329 1866 4415; x_wconf 84' lang='lat' dir='ltr'><strong>Pomeranie,</strong></span> <span class='ocrx_word' id='word_1_249' title='bbox 1890 4332 2037 4418; x_wconf 77' lang='lat' dir='ltr'><strong>(luparie,</strong></span> 
     </span>
     <span class='ocr_line' id='line_1_29' title="bbox 508 4430 2037 4520; baseline 0.003 -21"><span class='ocrx_word' id='word_1_250' title='bbox 508 4431 654 4499; x_wconf 88' lang='lat' dir='ltr'><strong>Lancicie</strong></span> <span class='ocrx_word' id='word_1_251' title='bbox 674 4450 712 4499; x_wconf 88' lang='lat' dir='ltr'><strong>ac</strong></span> <span class='ocrx_word' id='word_1_252' title='bbox 733 4430 871 4516; x_wconf 84' lang='lat' dir='ltr'><strong>Syradie,</strong></span> <span class='ocrx_word' id='word_1_253' title='bbox 897 4435 1007 4498; x_wconf 91' lang='lat' dir='ltr'><strong>notum</strong></span> <span class='ocrx_word' id='word_1_254' title='bbox 1027 4430 1156 4497; x_wconf 72' lang='lat' dir='ltr'><strong>brimus</strong></span> <span class='ocrx_word' id='word_1_255' title='bbox 1177 4430 1328 4497; x_wconf 86' lang='lat' dir='ltr'><strong>universis</strong></span> <span class='ocrx_word' id='word_1_256' title='bbox 1355 4436 1421 4498; x_wconf 86' lang='lat' dir='ltr'><strong>tam</strong></span> <span class='ocrx_word' id='word_1_257' title='bbox 1441 4431 1636 4515; x_wconf 82' lang='lat' dir='ltr'><strong>presentibus</strong></span> <span class='ocrx_word' id='word_1_258' title='bbox 1662 4451 1757 4515; x_wconf 90' lang='lat' dir='ltr'><strong>qnam</strong></span> <span class='ocrx_word' id='word_1_259' title='bbox 1775 4433 1889 4502; x_wconf 84' lang='lat' dir='ltr'><strong>tuturis</strong></span> <span class='ocrx_word' id='word_1_260' title='bbox 1908 4454 2037 4520; x_wconf 84' lang='lat' dir='ltr'><strong>presen-</strong></span> 
     </span>
     <span class='ocr_line' id='line_1_30' title="bbox 509 4532 2037 4623; baseline 0.002 -22"><span class='ocrx_word' id='word_1_261' title='bbox 509 4540 573 4601; x_wconf 85' lang='lat' dir='ltr'><strong>tem</strong></span> <span class='ocrx_word' id='word_1_262' title='bbox 594 4534 737 4619; x_wconf 80' lang='lat' dir='ltr'><strong>pnginam</strong></span> <span class='ocrx_word' id='word_1_263' title='bbox 759 4532 954 4617; x_wconf 90' lang='lat' dir='ltr'><strong>inspecturis,</strong></span> <span class='ocrx_word' id='word_1_264' title='bbox 983 4533 1065 4616; x_wconf 90' lang='lat' dir='ltr'><strong>quod</strong></span> <span class='ocrx_word' id='word_1_265' title='bbox 1085 4533 1219 4598; x_wconf 88' lang='lat' dir='ltr'><strong>vidimus</strong></span> <span class='ocrx_word' id='word_1_266' title='bbox 1241 4537 1273 4598; x_wconf 89' lang='lat' dir='ltr'><strong>et</strong></span> <span class='ocrx_word' id='word_1_267' title='bbox 1294 4533 1460 4617; x_wconf 85' lang='lat' dir='ltr'><strong>diligenter</strong></span> <span class='ocrx_word' id='word_1_268' title='bbox 1480 4534 1703 4618; x_wconf 78' lang='lat' dir='ltr'><strong>investigamus</strong></span> <span class='ocrx_word' id='word_1_269' title='bbox 1722 4541 1860 4603; x_wconf 89' lang='lat' dir='ltr'><strong>tenorem</strong></span> <span class='ocrx_word' id='word_1_270' title='bbox 1881 4538 2037 4623; x_wconf 83' lang='lat' dir='ltr'><strong>privilegii</strong></span> 
     </span>
     <span class='ocr_line' id='line_1_31' title="bbox 509 4635 2035 4725; baseline 0 -19"><span class='ocrx_word' id='word_1_271' title='bbox 509 4637 647 4706; x_wconf 67' lang='lat' dir='ltr'><strong>civimtis</strong></span> <span class='ocrx_word' id='word_1_272' title='bbox 668 4640 774 4705; x_wconf 83' lang='lat' dir='ltr'><strong>nostre</strong></span> <span class='ocrx_word' id='word_1_273' title='bbox 795 4635 1014 4703; x_wconf 87' lang='lat' dir='ltr'><strong>Pounaniensis</strong></span> <span class='ocrx_word' id='word_1_274' title='bbox 1035 4640 1265 4702; x_wconf 60' lang='lat' dir='ltr'><strong>dnmmsomm</strong></span> <span class='ocrx_word' id='word_1_275' title='bbox 1286 4642 1464 4703; x_wconf 73' lang='lat' dir='ltr'><strong>nostorum</strong></span> <span class='ocrx_word' id='word_1_276' title='bbox 1483 4636 1517 4701; x_wconf 93' lang='lat' dir='ltr'><strong>in</strong></span> <span class='ocrx_word' id='word_1_277' title='bbox 1538 4635 1622 4702; x_wconf 89' lang='lat' dir='ltr'><strong>hunc</strong></span> <span class='ocrx_word' id='word_1_278' title='bbox 1641 4639 1785 4705; x_wconf 89' lang='lat' dir='ltr'><strong>modum:</strong></span> <span class='ocrx_word' id='word_1_279' title='bbox 1807 4640 1968 4725; x_wconf 61' lang='lat' dir='ltr'><strong>(aarum</strong></span> <span class='ocrx_word' id='word_1_280' title='bbox 1988 4644 2035 4706; x_wconf 77' lang='lat' dir='ltr'><strong>di·</strong></span> 
     </span>
     <span class='ocr_line' id='line_1_32' title="bbox 505 4740 788 4824; baseline -0.011 -19"><span class='ocrx_word' id='word_1_281' title='bbox 505 4746 608 4821; x_wconf 79' lang='lat' dir='ltr'><strong>pluma</strong></span> <span class='ocrx_word' id='word_1_282' title='bbox 628 4742 682 4805; x_wconf 85' lang='lat' dir='ltr'><strong>Nr.</strong></span> <span class='ocrx_word' id='word_1_283' title='bbox 703 4740 788 4824; x_wconf 84' lang='lat'><strong><em>321.)</em></strong></span> 
     </span>
    </p>

    <p class='ocr_par' dir='ltr' id='par_1_14' title="bbox 508 4840 2039 5846">
     <span class='ocr_line' id='line_1_33' title="bbox 611 4840 2038 4929; baseline 0.005 -22"><span class='ocrx_word' id='word_1_284' title='bbox 611 4840 678 4908; x_wconf 84' lang='lat' dir='ltr'><strong>Nos</strong></span> <span class='ocrx_word' id='word_1_285' title='bbox 699 4859 771 4909; x_wconf 87' lang='lat' dir='ltr'><strong>vero</strong></span> <span class='ocrx_word' id='word_1_286' title='bbox 797 4840 938 4925; x_wconf 85' lang='lat' dir='ltr'><strong>predicta</strong></span> <span class='ocrx_word' id='word_1_287' title='bbox 963 4840 1067 4907; x_wconf 89' lang='lat' dir='ltr'><strong>omnia</strong></span> <span class='ocrx_word' id='word_1_288' title='bbox 1087 4845 1158 4907; x_wconf 84' lang='lat' dir='ltr'><strong>rata</strong></span> <span class='ocrx_word' id='word_1_289' title='bbox 1177 4844 1331 4923; x_wconf 69' lang='lat' dir='ltr'><strong>poaque</strong></span> <span class='ocrx_word' id='word_1_290' title='bbox 1354 4844 1508 4923; x_wconf 79' lang='lat' dir='ltr'><strong>gerentes,</strong></span> <span class='ocrx_word' id='word_1_291' title='bbox 1536 4842 1675 4925; x_wconf 89' lang='lat' dir='ltr'><strong>presenti</strong></span> <span class='ocrx_word' id='word_1_292' title='bbox 1703 4842 1863 4926; x_wconf 77' lang='lat' dir='ltr'><strong>privilegio</strong></span> <span class='ocrx_word' id='word_1_293' title='bbox 1894 4846 2038 4929; x_wconf 88' lang='lat' dir='ltr'><strong>superius</strong></span> 
     </span>
     <span class='ocr_line' id='line_1_34' title="bbox 509 4940 2038 5032; baseline 0.004 -22"><span class='ocrx_word' id='word_1_294' title='bbox 509 4943 660 5028; x_wconf 78' lang='lat' dir='ltr'><strong>scriptum</strong></span> <span class='ocrx_word' id='word_1_295' title='bbox 682 4942 899 5010; x_wconf 85' lang='lat' dir='ltr'><strong>confirmamus</strong></span> <span class='ocrx_word' id='word_1_296' title='bbox 926 4946 960 5009; x_wconf 91' lang='lat' dir='ltr'><strong>et</strong></span> <span class='ocrx_word' id='word_1_297' title='bbox 980 4941 1038 5010; x_wconf 89' lang='lat' dir='ltr'><strong>hec</strong></span> <span class='ocrx_word' id='word_1_298' title='bbox 1057 4944 1209 5011; x_wconf 87' lang='lat' dir='ltr'><strong>volumus.</strong></span> <span class='ocrx_word' id='word_1_299' title='bbox 1252 4940 1300 5008; x_wconf 92' lang='lat' dir='ltr'><strong>Ut</strong></span> <span class='ocrx_word' id='word_1_300' title='bbox 1320 4940 1427 5009; x_wconf 88' lang='lat' dir='ltr'><strong>fideles</strong></span> <span class='ocrx_word' id='word_1_301' title='bbox 1447 4944 1548 5009; x_wconf 89' lang='lat' dir='ltr'><strong>nostri</strong></span> <span class='ocrx_word' id='word_1_302' title='bbox 1573 4944 1655 5011; x_wconf 87' lang='lat' dir='ltr'><strong>cives</strong></span> <span class='ocrx_word' id='word_1_303' title='bbox 1675 4943 1902 5013; x_wconf 86' lang='lat' dir='ltr'><strong>Pomanienses</strong></span> <span class='ocrx_word' id='word_1_304' title='bbox 1922 4947 2038 5032; x_wconf 78' lang='lat' dir='ltr'><strong>gaude</strong></span> 
     </span>
     <span class='ocr_line' id='line_1_35' title="bbox 508 5042 2039 5129; baseline 0.003 -16"><span class='ocrx_word' id='word_1_305' title='bbox 508 5051 565 5113; x_wconf 88' lang='lat' dir='ltr'><strong>ant</strong></span> <span class='ocrx_word' id='word_1_306' title='bbox 583 5046 623 5113; x_wconf 86' lang='lat' dir='ltr'><strong>de</strong></span> <span class='ocrx_word' id='word_1_307' title='bbox 641 5046 767 5129; x_wconf 82' lang='lat' dir='ltr'><strong>speciali</strong></span> <span class='ocrx_word' id='word_1_308' title='bbox 788 5050 898 5111; x_wconf 87' lang='lat' dir='ltr'><strong>nostra</strong></span> <span class='ocrx_word' id='word_1_309' title='bbox 915 5044 1020 5127; x_wconf 78' lang='lat' dir='ltr'><strong>gracia</strong></span> <span class='ocrx_word' id='word_1_310' title='bbox 1040 5049 1073 5110; x_wconf 90' lang='lat' dir='ltr'><strong>et</strong></span> <span class='ocrx_word' id='word_1_311' title='bbox 1092 5042 1209 5125; x_wconf 85' lang='lat' dir='ltr'><strong>lavore,</strong></span> <span class='ocrx_word' id='word_1_312' title='bbox 1231 5042 1419 5110; x_wconf 85' lang='lat' dir='ltr'><strong>contulimus</strong></span> <span class='ocrx_word' id='word_1_313' title='bbox 1439 5045 1560 5113; x_wconf 75' lang='lat' dir='ltr'><strong>deitati</strong></span> <span class='ocrx_word' id='word_1_314' title='bbox 1576 5050 1609 5111; x_wconf 90' lang='lat' dir='ltr'><strong>et</strong></span> <span class='ocrx_word' id='word_1_315' title='bbox 1629 5044 1748 5113; x_wconf 82' lang='lat' dir='ltr'><strong>civibus</strong></span> <span class='ocrx_word' id='word_1_316' title='bbox 1768 5047 1907 5116; x_wconf 87' lang='lat' dir='ltr'><strong>eiusdem</strong></span> <span class='ocrx_word' id='word_1_317' title='bbox 1927 5050 2039 5117; x_wconf 84' lang='lat' dir='ltr'><strong>civita·</strong></span> 
     </span>
     <span class='ocr_line' id='line_1_36' title="bbox 509 5144 2039 5228; baseline 0.003 -14"><span class='ocrx_word' id='word_1_318' title='bbox 509 5146 551 5215; x_wconf 86' lang='lat' dir='ltr'><strong>tis</strong></span> <span class='ocrx_word' id='word_1_319' title='bbox 570 5146 628 5212; x_wconf 85' lang='lat' dir='ltr'><strong>has</strong></span> <span class='ocrx_word' id='word_1_320' title='bbox 649 5145 812 5227; x_wconf 86' lang='lat' dir='ltr'><strong>utilitates,</strong></span> <span class='ocrx_word' id='word_1_321' title='bbox 836 5145 992 5211; x_wconf 83' lang='lat' dir='ltr'><strong>videlieet:</strong></span> <span class='ocrx_word' id='word_1_322' title='bbox 1026 5144 1109 5226; x_wconf 90' lang='lat' dir='ltr'><strong>qnod</strong></span> <span class='ocrx_word' id='word_1_323' title='bbox 1135 5144 1284 5228; x_wconf 86' lang='lat' dir='ltr'><strong>quicquid</strong></span> <span class='ocrx_word' id='word_1_324' title='bbox 1305 5144 1339 5212; x_wconf 93' lang='lat' dir='ltr'><strong>in</strong></span> <span class='ocrx_word' id='word_1_325' title='bbox 1359 5144 1498 5213; x_wconf 91' lang='lat' dir='ltr'><strong>eiusdem</strong></span> <span class='ocrx_word' id='word_1_326' title='bbox 1526 5146 1664 5214; x_wconf 82' lang='lat' dir='ltr'><strong>civitatis</strong></span> <span class='ocrx_word' id='word_1_327' title='bbox 1691 5147 1813 5215; x_wconf 85' lang='lat' dir='ltr'><strong>ambitu</strong></span> <span class='ocrx_word' id='word_1_328' title='bbox 1841 5168 1924 5218; x_wconf 92' lang='lat' dir='ltr'><strong>nunc</strong></span> <span class='ocrx_word' id='word_1_329' title='bbox 1948 5156 1983 5219; x_wconf 86' lang='lat' dir='ltr'><strong>et</strong></span> <span class='ocrx_word' id='word_1_330' title='bbox 2002 5152 2039 5219; x_wconf 93' lang='lat' dir='ltr'><strong>in</strong></span> 
     </span>
     <span class='ocr_line' id='line_1_37' title="bbox 509 5244 2037 5336; baseline 0.004 -23"><span class='ocrx_word' id='word_1_331' title='bbox 509 5250 669 5331; x_wconf 87' lang='lat' dir='ltr'><strong>posteram</strong></span> <span class='ocrx_word' id='word_1_332' title='bbox 694 5244 830 5311; x_wconf 88' lang='lat' dir='ltr'><strong>edificari</strong></span> <span class='ocrx_word' id='word_1_333' title='bbox 855 5246 904 5311; x_wconf 86' lang='lat' dir='ltr'><strong>vel</strong></span> <span class='ocrx_word' id='word_1_334' title='bbox 925 5244 1093 5327; x_wconf 72' lang='lat' dir='ltr'><strong>moogimri</strong></span> <span class='ocrx_word' id='word_1_335' title='bbox 1110 5246 1237 5327; x_wconf 86' lang='lat' dir='ltr'><strong>poterit,</strong></span> <span class='ocrx_word' id='word_1_336' title='bbox 1264 5246 1444 5330; x_wconf 88' lang='lat' dir='ltr'><strong>supradicta</strong></span> <span class='ocrx_word' id='word_1_337' title='bbox 1461 5247 1570 5315; x_wconf 73' lang='lat' dir='ltr'><strong>cintus</strong></span> <span class='ocrx_word' id='word_1_338' title='bbox 1599 5254 1749 5333; x_wconf 89' lang='lat' dir='ltr'><strong>perpetuo</strong></span> <span class='ocrx_word' id='word_1_339' title='bbox 1770 5251 1930 5333; x_wconf 86' lang='lat' dir='ltr'><strong>possideat</strong></span> <span class='ocrx_word' id='word_1_340' title='bbox 1950 5254 2037 5336; x_wconf 85' lang='lat' dir='ltr'><strong>paci·</strong></span> 
     </span>
     <span class='ocr_line' id='line_1_38' title="bbox 510 5346 2038 5439; baseline 0.005 -24"><span class='ocrx_word' id='word_1_341' title='bbox 510 5348 569 5415; x_wconf 88' lang='lat' dir='ltr'><strong>lioe</strong></span> <span class='ocrx_word' id='word_1_342' title='bbox 589 5351 623 5413; x_wconf 87' lang='lat' dir='ltr'><strong>et</strong></span> <span class='ocrx_word' id='word_1_343' title='bbox 643 5346 761 5430; x_wconf 67' lang='lat' dir='ltr'><strong>quidm</strong></span> <span class='ocrx_word' id='word_1_344' title='bbox 790 5348 823 5413; x_wconf 93' lang='lat' dir='ltr'><strong>in</strong></span> <span class='ocrx_word' id='word_1_345' title='bbox 845 5346 978 5427; x_wconf 73' lang='lat' dir='ltr'><strong>mestre,</strong></span> <span class='ocrx_word' id='word_1_346' title='bbox 1005 5346 1088 5428; x_wconf 91' lang='lat' dir='ltr'><strong>quod</strong></span> <span class='ocrx_word' id='word_1_347' title='bbox 1113 5347 1146 5413; x_wconf 93' lang='lat' dir='ltr'><strong>in</strong></span> <span class='ocrx_word' id='word_1_348' title='bbox 1166 5348 1358 5417; x_wconf 85' lang='lat' dir='ltr'><strong>Theutonico</strong></span> <span class='ocrx_word' id='word_1_349' title='bbox 1388 5348 1556 5419; x_wconf 84' lang='lat' dir='ltr'><strong>Gamerans</strong></span> <span class='ocrx_word' id='word_1_350' title='bbox 1582 5357 1790 5435; x_wconf 88' lang='lat' dir='ltr'><strong>nuncupatur,</strong></span> <span class='ocrx_word' id='word_1_351' title='bbox 1814 5358 1849 5420; x_wconf 90' lang='lat' dir='ltr'><strong>et</strong></span> <span class='ocrx_word' id='word_1_352' title='bbox 1868 5359 2038 5439; x_wconf 85' lang='lat' dir='ltr'><strong>appotacaa</strong></span> 
     </span>
     <span class='ocr_line' id='line_1_39' title="bbox 513 5446 2038 5540; baseline 0.004 -24"><span class='ocrx_word' id='word_1_353' title='bbox 513 5448 703 5529; x_wconf 87' lang='lat' dir='ltr'><strong>institorum,</strong></span> <span class='ocrx_word' id='word_1_354' title='bbox 724 5452 865 5515; x_wconf 88' lang='lat' dir='ltr'><strong>sutorum</strong></span> <span class='ocrx_word' id='word_1_355' title='bbox 887 5452 920 5515; x_wconf 89' lang='lat' dir='ltr'><strong>et</strong></span> <span class='ocrx_word' id='word_1_356' title='bbox 940 5446 1116 5531; x_wconf 85' lang='lat' dir='ltr'><strong>pellificum,</strong></span> <span class='ocrx_word' id='word_1_357' title='bbox 1136 5454 1170 5517; x_wconf 93' lang='lat' dir='ltr'><strong>et</strong></span> <span class='ocrx_word' id='word_1_358' title='bbox 1190 5452 1321 5519; x_wconf 85' lang='lat' dir='ltr'><strong>maceda</strong></span> <span class='ocrx_word' id='word_1_359' title='bbox 1341 5451 1520 5520; x_wconf 88' lang='lat' dir='ltr'><strong>carnificum</strong></span> <span class='ocrx_word' id='word_1_360' title='bbox 1540 5458 1574 5521; x_wconf 91' lang='lat' dir='ltr'><strong>at</strong></span> <span class='ocrx_word' id='word_1_361' title='bbox 1593 5454 1748 5537; x_wconf 88' lang='lat' dir='ltr'><strong>pistorum</strong></span> <span class='ocrx_word' id='word_1_362' title='bbox 1768 5459 1802 5521; x_wconf 91' lang='lat' dir='ltr'><strong>et</strong></span> <span class='ocrx_word' id='word_1_363' title='bbox 1822 5454 1887 5521; x_wconf 85' lang='lat' dir='ltr'><strong>vini</strong></span> <span class='ocrx_word' id='word_1_364' title='bbox 1900 5455 2038 5540; x_wconf 74' lang='lat' dir='ltr'><strong>uellmin,</strong></span> 
     </span>
     <span class='ocr_line' id='line_1_40' title="bbox 511 5547 2039 5640; baseline 0.007 -25"><span class='ocrx_word' id='word_1_365' title='bbox 511 5548 583 5633; x_wconf 89' lang='lat' dir='ltr'><strong>ipsa</strong></span> <span class='ocrx_word' id='word_1_366' title='bbox 604 5548 713 5615; x_wconf 69' lang='lat' dir='ltr'><strong>dnus</strong></span> <span class='ocrx_word' id='word_1_367' title='bbox 733 5547 766 5613; x_wconf 93' lang='lat' dir='ltr'><strong>in</strong></span> <span class='ocrx_word' id='word_1_368' title='bbox 786 5553 971 5632; x_wconf 81' lang='lat' dir='ltr'><strong>perpetuum</strong></span> <span class='ocrx_word' id='word_1_369' title='bbox 991 5549 1094 5616; x_wconf 74' lang='lat' dir='ltr'><strong>vdent</strong></span> <span class='ocrx_word' id='word_1_370' title='bbox 1114 5550 1262 5620; x_wconf 89' lang='lat' dir='ltr'><strong>obtinere.</strong></span> <span class='ocrx_word' id='word_1_371' title='bbox 1289 5554 1327 5619; x_wconf 93' lang='lat' dir='ltr'><strong>ln</strong></span> <span class='ocrx_word' id='word_1_372' title='bbox 1348 5553 1437 5620; x_wconf 87' lang='lat' dir='ltr'><strong>onius</strong></span> <span class='ocrx_word' id='word_1_373' title='bbox 1458 5555 1679 5639; x_wconf 88' lang='lat' dir='ltr'><strong>testimonium,</strong></span> <span class='ocrx_word' id='word_1_374' title='bbox 1701 5562 1863 5640; x_wconf 86' lang='lat' dir='ltr'><strong>presentes</strong></span> <span class='ocrx_word' id='word_1_375' title='bbox 1883 5558 2039 5626; x_wconf 79' lang='lat' dir='ltr'><strong>conscribi</strong></span> 
     </span>
     <span class='ocr_line' id='line_1_41' title="bbox 512 5649 2039 5738; baseline 0.007 -19"><span class='ocrx_word' id='word_1_376' title='bbox 512 5650 642 5719; x_wconf 84' lang='lat' dir='ltr'><strong>lecimus</strong></span> <span class='ocrx_word' id='word_1_377' title='bbox 663 5654 695 5716; x_wconf 89' lang='lat' dir='ltr'><strong>et</strong></span> <span class='ocrx_word' id='word_1_378' title='bbox 715 5649 808 5733; x_wconf 80' lang='lat' dir='ltr'><strong>sigilli</strong></span> <span class='ocrx_word' id='word_1_379' title='bbox 830 5650 930 5717; x_wconf 84' lang='lat' dir='ltr'><strong>nostri</strong></span> <span class='ocrx_word' id='word_1_380' title='bbox 951 5650 1118 5719; x_wconf 88' lang='lat' dir='ltr'><strong>munimine</strong></span> <span class='ocrx_word' id='word_1_381' title='bbox 1139 5653 1280 5721; x_wconf 85' lang='lat' dir='ltr'><strong>roborari</strong></span> <span class='ocrx_word' id='word_1_382' title='bbox 1300 5655 1496 5738; x_wconf 89' lang='lat' dir='ltr'><strong>presentibus</strong></span> <span class='ocrx_word' id='word_1_383' title='bbox 1515 5656 1564 5724; x_wconf 89' lang='lat' dir='ltr'><strong>his</strong></span> <span class='ocrx_word' id='word_1_384' title='bbox 1583 5658 1732 5727; x_wconf 89' lang='lat' dir='ltr'><strong>testibus:</strong></span> <span class='ocrx_word' id='word_1_385' title='bbox 1752 5658 1866 5727; x_wconf 84' lang='lat' dir='ltr'><strong>comita</strong></span> <span class='ocrx_word' id='word_1_386' title='bbox 1879 5659 2039 5730; x_wconf 88' lang='lat' dir='ltr'><strong>Petrlrone</strong></span> 
     </span>
     <span class='ocr_line' id='line_1_42' title="bbox 513 5750 2037 5846; baseline 0.009 -28"><span class='ocrx_word' id='word_1_387' title='bbox 513 5751 653 5837; x_wconf 86' lang='lat' dir='ltr'><strong>palatino</strong></span> <span class='ocrx_word' id='word_1_388' title='bbox 681 5750 894 5835; x_wconf 76' lang='lat' dir='ltr'><strong>Parmensi,</strong></span> <span class='ocrx_word' id='word_1_389' title='bbox 920 5752 1032 5821; x_wconf 86' lang='lat' dir='ltr'><strong>comite</strong></span> <span class='ocrx_word' id='word_1_390' title='bbox 1058 5752 1187 5825; x_wconf 85' lang='lat' dir='ltr'><strong>Nicolao</strong></span> <span class='ocrx_word' id='word_1_391' title='bbox 1214 5757 1352 5843; x_wconf 82' lang='lat' dir='ltr'><strong>palatino</strong></span> <span class='ocrx_word' id='word_1_392' title='bbox 1380 5756 1556 5846; x_wconf 85' lang='lat' dir='ltr'><strong>Kalisieusi‚</strong></span> <span class='ocrx_word' id='word_1_393' title='bbox 1582 5761 1696 5834; x_wconf 82' lang='lat' dir='ltr'><strong>comite</strong></span> <span class='ocrx_word' id='word_1_394' title='bbox 1716 5760 1904 5845; x_wconf 78' lang='lat' dir='ltr'><strong>Sandivogio</strong></span> <span class='ocrx_word' id='word_1_395' title='bbox 1923 5762 2037 5831; x_wconf 84' lang='lat' dir='ltr'><strong>castel-</strong></span> 
     </span>
    </p>
   </div>
   <div class='ocr_carea' id='block_1_13' title="bbox 0 0 2342 7063">
    <p class='ocr_par' dir='ltr' id='par_1_15' title="bbox 0 0 2342 7063">
     <span class='ocr_line' id='line_1_43' title="bbox 0 0 2342 7063; baseline 0 0"><span class='ocrx_word' id='word_1_396' title='bbox 0 0 2342 7063; x_wconf 95' lang='lat' dir='ltr'><strong> </strong></span> 
     </span>
    </p>
   </div>
  </div>
 </body>
</html>
