4675 7067
641 866 660 905 .
997 799 1003 810 ’
1764 843 1833 916 eor

318 1051 368 1116 ius
391 1049 436 1116 rei
457 1047 667 1115 testimonium
688 1052 722 1113 et
742 1045 945 1113 ordinationis
966 1044 1151 1112 evidentiam
1165 1043 1344 1128 pleniorem,
1365 1049 1524 1129 presentes
1537 1043 1646 1111 literas
1664 1042 1836 1127 sigillorum
1964 1092 1968 1098 -

319 1151 454 1218 civitatis
475 1149 657 1234 Pyzdrends
678 1154 711 1215 et
729 1148 837 1229 nostri,
857 1147 990 1229 Andree,
1012 1165 1073 1231 quo
1094 1147 1135 1213 ad
1156 1165 1282 1231 presens
1302 1145 1393 1213 ambo
1414 1165 1485 1213 cum
1505 1145 1603 1213 fratre
1624 1151 1730 1212 nostro
1744 1146 1837 1214 Petro

318 1254 367 1320 asi
388 1272 504 1335 sumus,
527 1254 713 1337 appensione
734 1250 877 1318 duximus
901 1247 1097 1317 roborandas.
1143 1251 1258 1316 Datum
1281 1255 1314 1317 et
1333 1255 1439 1316 actum
1464 1250 1497 1315 in
1518 1248 1639 1333 Pyzdry
1660 1253 1775 1333 quarta
1794 1248 1838 1316 ie·

318 1358 366 1424 ria
386 1355 468 1422 inira
488 1362 612 1423 octavae
633 1354 816 1422 Nativitatis
837 1357 945 1419 sancte
965 1353 1065 1420 Mario
1083 1352 1221 1437 virginis,
1245 1370 1327 1420 anno
1349 1351 1474 1418 Domini
1497 1351 1660 1418 millesimo
1687 1355 1838 1419 aecana

318 1460 396 1526 simo
420 1458 577 1542 trigesimo
595 1457 737 1541 septimo,
758 1453 953 1540 presentibus
983 1454 1125 1521 mustis
1154 1453 1243 1519 viris:
1272 1452 1452 1521 Hermanno
1474 1454 1633 1535 advocato,
1661 1452 1839 1521 Hermanno

318 1562 467 1644 magbtm
489 1560 610 1642 civium,
632 1559 762 1625 Nicolao
779 1557 903 1639 Godini,
925 1556 1063 1623 Iohanne
1081 1560 1212 1636 sertore,
1233 1547 1375 1622 Iohanne
1390 1554 1474 1622 dicto
1488 1554 1528 1622 de
1541 1554 1687 1622 Bervoldi
1701 1554 1837 1638 civitate,

319 1663 490 1731 Chnnnado
512 1662 596 1729 dIcto
618 1661 742 1746 Clysan,
764 1660 893 1728 Nicolao
914 1659 1035 1741 Vahlel,
1057 1663 1091 1726 et
1110 1657 1181 1724 aliie
1205 1657 1322 1726 civibus
1341 1657 1525 1741 Pyndrensis
1545 1656 1689 1726 civibtia

360 1940 363 1948 ,
419 1865 601 1949 Landensis,
631 1871 668 1933 dc
694 1870 768 1959 Lod.
811 1865 955 1934 Bervoldi
983 1862 1103 1945 civitas
1132 1865 1198 1929 dell
1235 1867 1405 1938 Bermtodt,
1432 1885 1450 1926 z
1475 1868 1561 1930 aiem
1587 1883 1662 1929 zara.
1692 1861 1839 1929 mdo

318 1992 360 2036 no
383 1974 521 2057 Sabata.

882 2301 890 2319 ·
959 2267 1031 2350 Nn.
1067 2258 1200 2350 1172.

422 2465 627 2548 madae
661 2464 703 2546 de
738 2463 943 2546 carceribus
981 2463 1139 2545 nuncius
1178 2447 1400 2565 apostolicus
1441 2419 1588 2542 1387'
1605 2485 1633 2544 s.
1664 2462 1698 2545 d.
1731 2465 1767 2546 ot
1798 2463 1838 2564 ις

317 2586 519 2653 Benediotmn
539 2585 595 2668 Pp.
616 2585 678 2650 XII
699 2584 739 2651 de
765 2583 856 2650 rebus
884 2584 916 2650 in
944 2583 1074 2651 Polonia
1099 2583 1197 2667 gestis
1226 2582 1351 2665 docens,
1380 2601 1483 2667 wem
1511 2583 1678 2650 Bohemiae
1703 2589 1839 2651 emirum

317 2688 421 2756 Milicn
442 2706 593 2771 occupare
613 2687 691 2754 velle
709 2687 880 2753 denuntiat.

426 2797 559 2857 laeam
593 2797 783 2855 Mormmenlo
805 2795 905 2879 lictor.
930 2795 1087 2864 I’olorav'oe,⁸
1110 2793 1137 2870 1,
1160 2792 1231 2853 519.

418 2997 617 3064 sanctissime
637 3001 736 3079 pater,
755 2996 794 3061 de
815 2995 949 3078 negociis
970 2994 1080 3061 Sedem
1101 2995 1303 3077 apostolicam
1324 3001 1357 3061 et
1376 3002 1479 3063 vestre
1493 2997 1670 3063 sanctitatis
1686 3016 1839 3066 cameram

318 3100 515 3184 tangentibus
536 3099 569 3164 in
590 3117 684 3181 regno
706 3098 842 3178 Polonie,
864 3097 1002 3163 ordinavi
1024 3103 1057 3162 et
1077 3097 1216 3181 dieposvd
1236 3099 1413 3182 peremnia
1433 3105 1469 3166 ut
1489 3101 1642 3183 sequitur:

419 3203 509 3283 Item,
531 3207 620 3285 pater
640 3205 756 3283 sancte,
779 3200 858 3267 scint
876 3205 980 3266 vestra
1001 3200 1160 3282 sanctiam,
1184 3199 1267 3282 qnod
1288 3219 1344 3267 rex
1364 3201 1511 3268 Bohemie
1524 3202 1681 3286 predictus
1696 3202 1765 3268 vult
1778 3201 1839 3269 oal-

317 3305 379 3373 lide
400 3305 582 3372 submittere
603 3305 757 3389 quoddam
777 3309 913 3370 castrum
935 3303 1053 3370 dictum
1074 3303 1188 3385 Miliou,
1210 3304 1294 3386 quod
1315 3309 1364 3370 eet
1383 3305 1518 3388 episcopi
1539 3310 1572 3372 et
1587 3303 1724 3387 capituti
1745 3304 1840 3372 eccle-

318 3408 363 3474 sie
383 3407 521 3490 predicte
543 3407 806 3474 Wratislaviensis
827 3412 860 3473 et
880 3406 913 3471 in
934 3424 1029 3489 regno
1051 3405 1177 3472 Polonie
1198 3407 1347 3489 predicto,
1369 3413 1402 3473 et
1423 3405 1514 3473 offert
1535 3408 1580 3474 eis
1598 3407 1769 3490 pecuniam,
1790 3424 1840 3474 as·

317 3529 431 3591 serens,
454 3510 537 3593 quod
558 3528 620 3575 non
639 3510 708 3576 vult
728 3528 835 3577 carere
856 3509 932 3591 quin
953 3515 1088 3575 castrum
1109 3508 1223 3575 babeat
1244 3510 1466 3593 supradictum.
1496 3509 1583 3590 Quod
1598 3511 1625 3575 si
1641 3507 1704 3591 fiet,
1728 3510 1761 3575 in
1775 3528 1841 3576 ma·

317 3613 433 3678 nimum
455 3612 622 3695 dampnum
643 3618 746 3678 vostre
767 3630 887 3677 camere
905 3610 1107 3691 redundabit,
1137 3630 1210 3677 nam
1240 3613 1321 3679 sicut
1347 3611 1416 3678 aliis
1437 3613 1469 3678 in
1489 3612 1565 3679 looIs
1584 3631 1640 3696 per
1661 3623 1731 3679 cum
1752 3631 1841 3680 orau-

318 3716 401 3799 patis
419 3715 501 3780 inter
523 3734 651 3798 regnum
671 3713 798 3780 PolonIe
818 3714 920 3780 omnia
942 3715 1011 3779 ima
1031 3733 1150 3780 mmere
1172 3714 1310 3797 predicta
1328 3714 1507 3798 depereunt,
1532 3715 1577 3781 ita
1596 3715 1712 3781 ibidem
1731 3713 1840 3779 simili·

318 3824 367 3883 ten
389 3815 581 3900 deperibunt,
604 3822 637 3883 et
658 3835 728 3884 eum
749 3816 803 3881 illo
825 3821 937 3897 castro,
961 3835 1031 3882 cnm
1052 3817 1095 3882 sit
1112 3814 1315 3883 fortissimum
1330 3824 1363 3883 et
1385 3818 1476 3899 quasi
1497 3808 1592 3884 clavis
1611 3808 1700 3900 'regni
1714 3816 1841 3883 Polonie

317 3919 357 3986 ab
378 3920 433 3985 illa
454 3925 553 4003 parte,
576 3919 679 3985 omnia
699 3925 802 3986 castra
823 3919 1041 3986 obcumvicina
1067 3920 1218 4003 accubet,
1246 3922 1278 3986 in
1304 3921 1507 4004 preiudicium
1529 3939 1566 3988 ae
1594 3921 1761 4004 dampnum
1790 3938 1841 3987 ea·

318 4043 402 4090 mere
423 4023 570 4106 predicte,
592 4029 625 4088 et
645 4023 812 4106 dampnum
833 4022 1000 4088 maximum
1021 4028 1053 4088 et
1074 4023 1314 4106 irrecuperabile
1334 4023 1437 4089 devoti
1458 4022 1516 4089 filii
1537 4023 1632 4089 vestri
1656 4021 1772 4089 domini
1793 4041 1860 4114 rer

317 4126 364 4209 gIs
385 4125 513 4192 Polonie
533 4125 712 4208 supradicti.
755 4125 856 4204 Quare
874 4126 996 4208 placeat
1016 4133 1117 4193 vestre
1138 4127 1299 4193 sanctitati
1319 4126 1458 4192 inhibere
1479 4126 1622 4210 episeopo
1636 4131 1669 4193 ct
1695 4124 1840 4208 capitulo

318 4227 513 4311 supradictis,
535 4227 619 4309 quod
641 4246 699 4293 nec
724 4228 846 4294 nomine
867 4228 1053 4295 vendicionis
1071 4247 1127 4295 nec
1148 4229 1211 4294 alio
1232 4229 1354 4312 quesite
1376 4230 1477 4296 colore
1504 4229 1605 4312 ipsum
1628 4233 1765 4296 castmm
1787 4247 1841 4311 po·

318 4334 395 4395 nant
416 4329 448 4394 in
469 4328 610 4395 manibus
633 4330 774 4412 potencie
795 4330 942 4397 secularIs
964 4349 1021 4396 nec
1041 4331 1123 4413 regis
1144 4330 1291 4398 Bohemie
1321 4329 1501 4415 supradicti,
1533 4329 1560 4395 si
1587 4329 1646 4397 hoc
1674 4348 1712 4396 ex
1740 4328 1842 4396 causis

318 4432 466 4515 predictis
487 4437 590 4498 vestre
612 4432 771 4499 sanctitati
793 4432 948 4497 videbitur
969 4432 1121 4514 expedire.
1165 4433 1209 4498 Et
1226 4452 1303 4516 pure
1324 4441 1452 4518 propter
1472 4433 1572 4499 Deum
1598 4432 1719 4516 placeat
1740 4436 1842 4498 vestre

318 4533 488 4615 sanctini,
509 4532 765 4617 indignitatibus
795 4534 925 4600 istarum
948 4535 1086 4618 parcium
1116 4533 1308 4602 eonferendIs
1335 4536 1506 4619 ponderare
1533 4534 1724 4615 fidelitatem,
1751 4533 1843 4600 devo-

319 4637 437 4702 cionern
458 4637 681 4703 stabilitatem
702 4655 795 4719 quarn
816 4642 920 4703 vestra
941 4655 1063 4704 camera
1084 4636 1179 4703 habet
1199 4656 1219 4701 a
1239 4637 1372 4718 Paionia,
1395 4642 1428 4703 et
1449 4637 1647 4705 devocIonem
1667 4640 1702 4701 et
1718 4634 1837 4702 utilita-

320 4744 383 4806 tam
405 4757 499 4821 quam
520 4739 615 4805 habet
635 4758 655 4805 a
675 4740 895 4806 Thenthonicis
917 4739 965 4805 vel
987 4740 1142 4820 Bohemis,
1172 4757 1245 4804 nam
1267 4743 1357 4804 mata
1378 4743 1427 4805 est
1447 4738 1632 4820 differentia,
1665 4738 1746 4805 slent
1764 4738 1842 4805 lucis

319 4842 359 4908 ed
380 4841 537 4908 tenebras:
560 4860 632 4906 nam
653 4841 706 4907 isti
727 4842 835 4908 dicunt
853 4848 886 4909 et
903 4847 1135 4926 recognoscunt,
1166 4847 1306 4909 sanctam
1327 4842 1499 4908 Romanam
1520 4847 1652 4908 matrem
1681 4841 1842 4908 ecclesiam

321 4943 366 5009 eis
388 4942 499 5010 debere
519 4943 681 5025 dominam,
701 4944 746 5010 illi
768 4952 871 5011 autern
894 4950 1047 5025 esserunt,
1067 4945 1182 5011 eisdem
1204 4942 1316 5011 debere
1337 4944 1478 5012 ancillari
1499 4949 1532 5011 et
1552 4962 1619 5011 esse
1641 4942 1699 5011 sub
1713 4942 1841 5011 tributo.

421 5146 536 5230 Milia,
560 5154 669 5214 noaz.
