4675 7067
1727 849 1796 927 601

281 1045 407 1116 Gnezne
435 1048 468 1115 in
496 1047 630 1116 erastino
663 1049 746 1117 beati
777 1048 937 1118 hdalberti
961 1049 1107 1134 martiris,
1141 1069 1222 1117 armo
1251 1051 1375 1118 Domini
1401 1051 1564 1119 millesimo
1586 1054 1801 1121 trecentesimo

281 1152 515 1235 quadragesimo
537 1158 654 1219 octavo.

383 1357 563 1436 Zelaslrovo,
585 1347 760 1423 Zelnslcomo.
804 1358 913 1439 Osselr,
943 1362 1037 1424 Osielc.
1081 1360 1267 1466 Ganssorelr,
1291 1365 1327 1424 de
1354 1364 1529 1446 Gpsioromo.
1567 1361 1689 1445 Swyka,
1715 1385 1803 1443 zepe-

280 1464 354 1523 eem'e
375 1466 482 1540 mplnie
502 1481 576 1524 zum.
601 1459 787 1543 Swynlra,'t.
804 1466 832 1537 j.
857 1466 893 1524 de
917 1461 1069 1542 Solebam,
1093 1463 1157 1525 dze'a‘
1180 1467 1316 1528 Sminiee.
1361 1462 1545 1548 Kokanyno,
1570 1468 1715 1530 Kolonia.

927 1811 998 1894 Nr.
1034 1808 1158 1895 1268.

384 2003 532 2084 Macako
550 2003 739 2105 palatinus
758 2007 793 2086 et
812 2005 1024 2107 capitaneus
1038 2006 1272 2090 Poznaniens.
1292 2014 1420 2090 1848
1438 2009 1523 2112 lpr.
1541 2015 1624 2109 30,
1644 2011 1803 2110 (ineuna3

282 2122 374 2186 simul
396 2140 465 2187 cum
487 2124 597 2188 ceteris
618 2124 749 2188 dominis
772 2130 973 2206 protestatur,
999 2127 1164 2193 Boczatam
1189 2149 1250 2195 uua
1271 2148 1341 2195 cum
1359 2129 1478 2195 duabus
1500 2132 1656 2198 sororibus
1682 2141 1714 2198 et
1736 2135 1804 2198 uni-

282 2226 378 2290 uersis
397 2225 503 2291 amieis
525 2225 728 2292 hereditatem
748 2227 853 2311 Garby
878 2231 1066 2296 monasterio
1088 2232 1126 2297 de
1149 2231 1250 2297 Lubin
1273 2234 1483 2315 resignavisse.

386 2334 524 2407 Perpam.
546 2336 661 2409 orype'n.
709 2336 845 2395 Skrcmlci
859 2340 1025 2412 percomis.
1049 2341 1088 2397 od
1105 2341 1339 2414 przyevierzenia
1361 2336 1459 2401 docco
1479 2342 1617 2423 pieczpcr'.

385 2432 519 2496 Poznari.
564 2437 678 2512 Kanipl.
702 2439 804 2498 Sionis
826 2440 914 2500 Arcb.
958 2439 1198 2502 LubireNr.15.

385 2636 535 2702 Noverint
556 2638 690 2703 universi
711 2641 901 2721 presencium
923 2642 1069 2708 noticiam
1091 2642 1228 2710 habituri
1258 2643 1341 2726 quod
1362 2663 1418 2709 nos
1444 2644 1574 2710 Maezko
1596 2647 1751 2728 palatinus
1772 2654 1805 2714 et

284 2738 464 2821 capitaneus
485 2739 703 2805 Poznaniensis
726 2742 907 2823 profitemur
928 2762 964 2809 ac
985 2743 1107 2825 publice
1128 2749 1346 2826 protestamur,
1369 2748 1450 2829 quod
1479 2747 1615 2814 Bocrata
1639 2769 1707 2816 cum
1729 2752 1805 2816 dua·

284 2842 341 2908 bus
363 2842 520 2909 sororibus
543 2862 599 2908 nec
621 2863 682 2908 non
705 2846 856 2911 universis
878 2848 986 2912 amicis
1008 2849 1133 2913 veniens
1152 2867 1256 2914 eoram
1283 2848 1371 2913 nobis
1393 2856 1425 2915 et
1446 2850 1569 2916 domino
1598 2852 1727 2919 Nicolao
1751 2872 1805 2936 pa·

284 2946 381 3011 latino
403 2946 578 3026 Kalisiensi,
602 2947 744 3013 Preczlao
774 2949 897 3015 domiuo
930 2950 1142 3028 Poznaniensi,
1172 2950 1295 3015 domino
1324 2951 1475 3017 Dobeslao
1506 2954 1605 3019 iudice
1628 2956 1804 3036 Kalisiensi,

284 3050 413 3116 Nicolao
436 3050 535 3116 iudice
565 3050 775 3133 Pompeiorum,
805 3073 867 3118 non
896 3053 1061 3135 conpulsus
1091 3072 1147 3118 nec
1178 3059 1311 3134 coactus,
1344 3054 1398 3119 sed
1417 3055 1497 3121 bona
1525 3056 1748 3123 deliberacione
1770 3077 1806 3124 ac

284 3153 452 3218 amicorum
473 3171 607 3232 suorum,
633 3154 836 3219 hereditatem
859 3174 918 3237 que
941 3156 1098 3237 wlgariter
1119 3155 1224 3238 Garby
1251 3162 1448 3239 nuncupatur
1476 3157 1598 3224 domino
1620 3159 1731 3225 Iacobo
1752 3160 1806 3227 ab·

284 3255 351 3322 bati
372 3256 550 3321 monasterii
572 3255 674 3320 Lubin
696 3262 728 3321 et
750 3255 898 3323 iratribus
921 3258 1033 3324 ibidem
1056 3258 1122 3324 Deo
1144 3258 1358 3340 militantibus,
1379 3278 1435 3342 pro
1457 3263 1560 3326 anima
1589 3280 1645 3327 sua
1667 3281 1806 3328 suorum·

285 3377 346 3441 que
365 3359 500 3425 omnium
522 3365 695 3441 parentum,
715 3360 975 3442 predecessorum,
998 3361 1184 3426 monasterio
1206 3379 1301 3443 supra
1322 3367 1430 3427 notato
1452 3362 1539 3428 dedit
1559 3369 1654 3446 atque
1675 3367 1808 3434 contulit

284 3463 351 3528 iure
373 3462 558 3528 hereditario
580 3462 612 3526 in
627 3467 809 3544 perpetuum
823 3462 1053 3545 possidendam
1069 3463 1319 3545 nominatumque
1340 3464 1543 3530 hereditatem
1558 3465 1686 3532 Iacobus
1707 3468 1803 3535 abbas

286 3585 349 3632 una
370 3563 614 3644 cumfratribus,
637 3566 691 3646 qui
713 3584 793 3631 nunc
816 3571 889 3630 sunt
912 3571 944 3632 et
965 3567 1176 3648 inposterum
1203 3572 1303 3646 erunt,
1330 3567 1459 3633 eandem
1486 3567 1690 3635 hereditatem
1712 3571 1808 3637 libere

285 3675 318 3734 et
331 3669 435 3751 quiete
453 3674 600 3751 perpetue
613 3669 789 3751 possideant
804 3669 917 3749 taliter,
934 3675 969 3733 ut
983 3670 1086 3734 nullus
1102 3670 1235 3736 Boczate
1249 3669 1366 3736 anricus
1381 3689 1485 3736 coram
1499 3672 1587 3736 nobis
1609 3672 1755 3754 palatinis
1770 3692 1807 3741 ac

286 3771 438 3837 iudicibus
462 3770 600 3853 predicta
619 3771 791 3838 hereditate
808 3771 913 3853 Garby
930 3771 1043 3837 nullius
1059 3773 1204 3838 memorie
1218 3772 1261 3837 sit
1283 3773 1590 3839 recommendandum
1605 3776 1684 3858 (sic),
1708 3776 1807 3842 eidem

289 3875 475 3939 monasterio
498 3873 677 3954 Lubinensi,
700 3873 805 3940 abbati
827 3893 864 3939 ac
885 3874 1032 3940 fratribus
1054 3874 1168 3942 ibidem
1189 3875 1384 3941 manentibus
1407 3875 1512 3959 Garby
1533 3877 1601 3943 inre
1622 3878 1808 3945 hereditario

286 3983 434 4060 perpetuo
456 3977 679 4059 possidendam.
723 3976 920 4042 Presentibus
942 3978 1002 4042 hiis
1024 3978 1173 4044 testibus:
1201 3978 1335 4044 Imlrom
1364 3977 1502 4046 Wiscota
1531 3980 1655 4046 domino
1677 3981 1715 4047 de
1736 3982 1809 4047 Kri-

288 4080 358 4160 win,
378 4078 523 4162 Woyslao
545 4079 584 4144 de
606 4079 722 4159 Grizin,
746 4078 953 4144 Thehoderico
976 4080 1059 4145 dicto
1081 4080 1262 4161 Komornik,
1287 4086 1320 4146 et
1341 4099 1444 4147 coram
1466 4100 1559 4164 quarn
1586 4083 1727 4165 plurimis
1748 4083 1809 4150 fide

286 4183 396 4265 dignis.
440 4181 554 4247 Actum
573 4181 701 4246 Gnezna
715 4181 748 4245 in
761 4187 871 4247 octava
886 4181 968 4246 beati
983 4181 1105 4248 Alberti
1120 4183 1267 4263 martiris,
1283 4202 1364 4251 anno
1379 4184 1504 4250 Domini
1518 4185 1809 4268 mcccnnvffl,

287 4286 394 4352 datum
415 4302 472 4368 per
490 4300 599 4349 manus
621 4282 759 4349 Didonis
780 4284 953 4367 cappellani
973 4304 1010 4350 ae
1031 4286 1143 4351 notarii
1165 4287 1283 4353 domini
1304 4286 1403 4354 Macz.
1429 4289 1561 4371 palatini
1581 4289 1808 4356 Poznaniensis.

389 4488 503 4571 Garby,
526 4488 637 4568 Lubin,
661 4489 726 4551 dail
748 4491 800 4551 inlr
817 4508 906 4552 coneo.
951 4486 1099 4570 Wiscota,
1122 4496 1268 4554 noemmin
1287 4497 1402 4557 rodoma
1431 4500 1574 4573 porratam
1604 4499 1644 4559 od
1663 4500 1715 4558 rosi
1742 4498 1810 4576 Wp·

287 4592 366 4658 ahot.
395 4591 524 4672 Kriwin,
547 4595 695 4671 Kremnia.
732 4589 849 4671 Grizin,
876 4594 1023 4671 decipere.
1068 4592 1250 4675 Komornilr,
1272 4600 1352 4659 moze
1372 4615 1447 4662 zone.
1469 4602 1506 4662 de
1528 4602 1706 4664 Kornome'lri.

935 4925 1006 5007 Nr.
1042 4920 1166 5007 1269.

390 5135 577 5218 Ianoslans
595 5158 623 5216 s.
643 5135 838 5220 dneenens.
857 5137 1000 5218 ecclesie
1019 5139 1309 5241 archiepiscopus
1328 5142 1455 5220 1348
1472 5140 1557 5222 Mai.
1575 5145 1654 5238 25,
1674 5141 1810 5244 Znene3
1836 5136 1839 5141 ’

290 5258 372 5322 inter
392 5255 519 5321 heredes
549 5256 587 5322 de
616 5256 799 5322 Dzwonowo
821 5263 853 5322 et
884 5264 1034 5324 rectorem
1067 5260 1214 5327 ecclesiae
1246 5261 1278 5325 in
1307 5259 1483 5344 prrbwka
1515 5260 1671 5327 hosciclna
1693 5263 1812 5328 ratione

289 5363 401 5427 iurium
423 5367 457 5426 et
478 5367 682 5444 proventuum
704 5362 902 5429 eeclesiarum
921 5363 954 5427 in
974 5364 1056 5428 villis
1078 5363 1242 5446 praedictis
1266 5362 1460 5430 concordiam
1478 5362 1559 5429 iacit

397 5468 536 5530 Gniezno.
581 5471 697 5531 Arabio.
725 5470 895 5530 Conriaton'r'
918 5470 1071 5545 Metropol.
1116 5472 1191 5530 Aeto
1212 5471 1342 5530 nethota
1364 5473 1438 5565 aaut
1457 5469 1551 5532 1555.

392 5669 428 5734 In
450 5670 572 5736 nomine
593 5670 717 5736 Domini
739 5690 838 5736 amen.
882 5671 948 5736 Nos
972 5670 1126 5736 lamslaus
1148 5670 1252 5736 divine
1274 5671 1469 5753 providencia
1495 5677 1602 5738 sancte
1624 5670 1815 5737 Gneznensis

294 5774 420 5840 ecclesie
442 5774 689 5856 archiepiscopus
710 5775 751 5841 ad
772 5780 952 5858 perpetuam
974 5775 1019 5840 rei
1048 5774 1228 5840 memoriam
1249 5773 1427 5840 deducimus
1458 5794 1513 5859 per
1542 5779 1710 5858 presentes,
1733 5773 1816 5856 quod

1629 5895 1662 5948 76
