4675 7067
1051 1146 1123 1228 Nr.
1158 1141 1282 1231 1233.

508 1340 679 1422 Gonsulss
706 1343 742 1422 at
767 1340 939 1442 magistri
973 1340 1088 1423 iurati
1123 1341 1303 1424 Pomaria
1337 1343 1481 1427 civitat
1515 1348 1643 1425 1344
1674 1344 1760 1427 lici.
1792 1354 1829 1444 1,
1863 1346 1926 1428 Po·

407 1443 552 1543 iliani&
582 1479 727 1543 guerram
753 1461 836 1527 inter
864 1461 1115 1528 communitatem
1142 1462 1376 1543 pannicidsrum
1404 1469 1438 1530 et
1459 1469 1615 1532 textorum
1644 1464 1779 1533 civitatis
1804 1465 1929 1535 Pounai

408 1567 557 1644 exortam,
580 1563 763 1645 quibusdam
784 1563 978 1646 pactionibus
999 1563 1190 1646 interpositis
1212 1564 1345 1646 sopiunt

507 1671 644 1744 Pergam.
665 1670 779 1747 eggis.
823 1669 871 1729 No
889 1669 1083 1745 pkoiontocb
1103 1673 1165 1731 aior·
1176 1671 1336 1751 jedmodn,
1351 1671 1498 1747 sabini,
1520 1675 1622 1735 zielora
1645 1676 1657 1736 i
1677 1690 1818 1737 czermmr.
1837 1677 1927 1760 wbzp

407 1773 491 1833 nmio
512 1773 524 1831 i
543 1773 647 1833 elasa
664 1767 787 1852 pieczpo'
804 1773 911 1832 miosta
932 1767 1074 1843 Poznai;
1093 1776 1238 1849 (pieezeo
1256 1781 1296 1833 LI
1313 1782 1323 1834 t
1340 1781 1383 1845 L).

509 1871 643 1937 Pomosi.
687 1875 810 1935 Arabim.
833 1875 979 1950 Melite.
1023 1875 1161 1951 Dr'plomn
1182 1877 1236 1939 Nr.
1259 1876 1310 1940 12.
1327 1911 1369 1922 -
1384 1873 1562 1955 eaczeisrs.
1588 1879 1657 1942 Cori.
1681 1880 1797 1958 diplom
1816 1881 1926 1944 Maior.

406 1979 547 2040 Paeane
568 1977 619 2041 91.

507 2179 658 2247 Norerint
678 2178 813 2245 universi
841 2177 954 2262 quibus
983 2178 1108 2262 expedit
1137 2183 1202 2246 tarn
1233 2185 1392 2262 presentes
1419 2199 1512 2265 quam
1540 2180 1637 2249 futuri
1662 2201 1793 2267 quorum
1814 2184 1928 2253 noticia

405 2283 597 2367 presencium
618 2280 712 2348 semes
733 2279 876 2361 refertur,
900 2280 983 2363 quod
1004 2299 1109 2347 coram
1130 2281 1218 2347 nobis
1241 2282 1426 2365 consulibus,
1448 2282 1592 2350 videlicet
1610 2285 1776 2353 Maoncone
1796 2305 1924 2370 procon-

404 2386 481 2467 sule,
503 2385 638 2452 lienrico
666 2385 744 2466 Duo,
772 2383 909 2451 Poscone
930 2382 1013 2450 dicte
1042 2383 1167 2465 Vronio,
1195 2383 1344 2468 Symeone
1365 2385 1474 2468 Parso,
1502 2386 1648 2454 Ludcone
1679 2393 1713 2454 et
1733 2387 1868 2456 ilenrico
1888 2388 1928 2456 da

406 2488 542 2569 Orossin,
563 2494 596 2554 et
615 2487 772 2570 magistris
803 2486 914 2553 iuratis
946 2486 1046 2553 tomus
1076 2486 1305 2553 communitatis
1339 2487 1492 2555 Poznanie
1520 2489 1665 2571 sinsus,
1694 2490 1729 2556 in
1758 2509 1927 2574 congruum

406 2591 567 2659 consilium
589 2595 730 2657 nostrum
747 2590 905 2657 venientes
925 2594 959 2655 et
979 2594 1099 2656 sontes
1123 2588 1250 2656 consilio
1274 2593 1396 2656 mstnro
1415 2595 1448 2656 ct
1473 2589 1597 2658 decreto
1619 2611 1689 2660 cum
1719 2590 1802 2661 bona
1818 2592 1927 2660 solun

406 2698 473 2761 tste
493 2694 633 2777 magistri
654 2692 897 2776 pannicidarum,
919 2690 1062 2758 videlicet
1082 2692 1258 2775 Kyrstanus
1285 2691 1325 2758 da
1346 2692 1466 2776 Wynar
1492 2699 1525 2760 et
1545 2694 1654 2761 Hence
1681 2694 1849 2780 Bythelnio
1869 2695 1928 2764 bra

406 2816 511 2863 eorum
533 2795 736 2862 communitas
759 2801 837 2876 tots,
858 2800 891 2861 et
911 2793 1053 2878 magistri
1070 2799 1236 2876 textorum,
1256 2794 1375 2861 scilicet
1395 2794 1512 2878 Tyozoe
1533 2795 1701 2879 Rychelnic
1720 2802 1754 2864 ct
1771 2796 1929 2882 Nyoolaus

406 2919 501 2983 gener
522 2899 683 2967 Nikelonis
704 2904 863 2966 eteorum
891 2898 1095 2966 remmunitas
1124 2903 1201 2980 teta
1231 2899 1324 2964 simul
1344 2904 1377 2964 et
1397 2899 1491 2965 semel
1517 2897 1670 2966 dederunt
1695 2898 1785 2966 nobis
1805 2918 1927 2968 ornnem

404 3002 488 3068 inter
510 3020 544 3067 se
564 3000 785 3067 dissensionem
807 3008 839 3067 et
859 3018 1003 3083 guerram
1024 2999 1058 3066 iu
1078 3018 1189 3066 manus
1209 3003 1341 3082 aestu,
1361 2999 1577 3068 nichilominus
1598 3001 1687 3068 nobis
1709 3000 1926 3086 promittentes

405 3109 475 3186 ryte
494 3108 527 3170 et
544 3101 781 3184 racionabiliter,
804 3103 886 3185 quod
908 3100 1059 3185 quidquid
1077 3101 1159 3168 inter
1172 3120 1225 3168 eos
1243 3100 1428 3168 dacremus
1443 3107 1477 3169 et
1494 3102 1764 3171 stabiliritaremus
1777 3103 1860 3190 (sic),
1874 3103 1927 3172 do·

405 3205 493 3273 beret
514 3225 582 3272 asse
598 3205 720 3271 firmum
735 3209 769 3271 et
782 3203 936 3270 illibatum
956 3204 989 3270 in
1010 3210 1202 3288 perpetuum.
1241 3203 1307 3270 Nos
1327 3222 1399 3270 sero
1420 3203 1479 3270 sub
1499 3210 1605 3272 nosne
1626 3206 1803 3274 iuramento
1822 3206 1927 3274 arus-

405 3309 513 3376 dentes
533 3314 567 3375 et
587 3313 752 3391 pensantes
770 3305 908 3373 deiectus
929 3312 962 3372 et
984 3305 1140 3390 profectus
1161 3305 1260 3388 partis
1281 3304 1445 3389 trinusque
1465 3311 1499 3372 at
1518 3305 1655 3374 oimtatis
1668 3307 1769 3376 moins
1789 3326 1927 3377 commu·

407 3410 526 3492 uitatis,
548 3410 757 3476 ordinavimus
787 3415 821 3476 et
851 3408 1059 3475 stabilitamus
1091 3412 1246 3473 statutum
1274 3406 1483 3475 inviolandum
1515 3413 1548 3474 et
1578 3408 1836 3492 permearandnm
1857 3407 1926 3479 sisa

405 3515 476 3580 dolo
498 3513 554 3580 tali
575 3513 769 3581 conditione:
792 3512 874 3596 quod
892 3512 1034 3596 magistri
1055 3510 1219 3595 prescripti
1240 3515 1396 3576 ustorum
1505 3528 1612 3577 eorum
1626 3511 1849 3579 communitate
1869 3511 1924 3579 dc·

405 3616 481 3682 bent
500 3615 635 3683 vendere
652 3615 752 3681 tribus
778 3615 952 3682 bominibus
983 3632 1079 3680 unum
1097 3619 1227 3694 stamen,
1261 3618 1293 3679 et
1316 3631 1379 3678 nou
1399 3611 1549 3695 pruritu,
1583 3611 1662 3681 talia
1686 3631 1758 3680 saro
1780 3613 1924 3695 stamina,

405 3719 510 3802 qualia
529 3719 587 3785 soli
610 3718 784 3800 confidunt,
807 3723 840 3784 et
857 3737 919 3785 non
941 3723 1048 3784 emunt
1065 3721 1144 3800 aput
1161 3716 1289 3782 alienos.
1331 3714 1533 3782 Probibemus
1555 3715 1652 3783 wem
1669 3713 1811 3783 omnibus
1825 3716 1926 3784 cura

406 3839 527 3906 cunque
547 3823 611 3888 sint
632 3820 828 3901 condicionis,
850 3820 933 3902 quod
954 3838 1044 3886 nemo
1064 3819 1157 3885 debet
1177 3837 1278 3885 emere
1301 3818 1405 3884 lanam
1425 3836 1496 3883 cum
1510 3836 1607 3900 parva
1624 3821 1763 3903 pennata,
1785 3836 1846 3901 qua
1859 3817 1927 3885 vnl-

405 3925 522 4007 gariter
539 3925 654 3992 dicitur
674 3924 796 3991 Vumer
816 3924 998 4011 (Unozert),
1020 3924 1053 3989 in
1071 3928 1179 3989 nostro
1200 3922 1277 4003 loro,
1299 3921 1360 3986 nisi
1386 3921 1444 3987 soli
1466 3925 1612 4001 textores,
1640 3920 1695 3987 sod
1720 3919 1754 3987 in
1770 3918 1861 4004 lpbra
1880 3920 1927 3989 la·

406 4025 486 4110 pidis
509 4026 557 4093 sol
578 4046 672 4094 manu
692 4025 848 4110 pensando
870 4025 969 4092 nostri
990 4025 1139 4107 concives,
1160 4024 1214 4091 sed
1235 4023 1353 4090 advena
1373 4022 1486 4089 nullus
1531 4020 1678 4089 Ceterum
1698 4040 1771 4089 sero
1794 4027 1927 4106 pausum

406 4133 542 4195 textores
563 4127 676 4194 babere
697 4147 787 4194 omne
808 4128 910 4194 lorum
928 4146 998 4193 cum
1019 4145 1126 4193 eorum
1146 4127 1258 4210 munis
1277 4127 1458 4211 prenotatis,
1482 4125 1514 4191 in
1534 4143 1718 4210 quamnquo
1739 4125 1867 4193 mutate
1878 4123 1926 4192 io-

406 4249 475 4295 rum
496 4229 590 4295 luerit
611 4235 765 4296 statutum
785 4235 819 4296 et
840 4229 1054 4296 confirmatum
1073 4230 1114 4297 ob
1134 4231 1263 4314 antiquo
1285 4250 1340 4314 per
1370 4229 1524 4314 principes
1545 4234 1579 4296 et
1598 4246 1696 4313 regas.
1739 4226 1927 4295 ordinamus

406 4332 512 4413 edant
535 4331 617 4416 quod
639 4331 738 4398 nostri
760 4336 897 4397 textores
915 4330 1029 4398 debent
1045 4351 1164 4416 pannos
1186 4332 1320 4400 incidere
1338 4333 1371 4398 in
1392 4333 1506 4416 annaly
1527 4331 1594 4399 foro
1615 4348 1721 4399 corum
1745 4349 1862 4413 pannos
1883 4330 1925 4397 si·

407 4441 461 4503 cut
480 4441 529 4502 est
548 4435 756 4519 proscriptum
777 4434 857 4518 (sic),
879 4434 940 4501 nisi
961 4435 1022 4500 alie
1043 4436 1185 4502 civiutas
1205 4435 1275 4502 aliis
1294 4433 1466 4502 textoribus
1487 4452 1605 4518 pannos
1626 4430 1761 4500 incidere
1781 4431 1924 4515 potiue-

406 4545 486 4623 rent,
509 4557 565 4605 nec
586 4543 660 4603 tuno
682 4537 793 4603 amodo
825 4537 924 4603 nosnr'
954 4542 1090 4602 textores
1112 4537 1247 4603 incidere
1268 4535 1390 4602 debant
1435 4537 1478 4601 Et
1499 4536 1674 4620 quicunque
1694 4534 1834 4619 predicta
1854 4553 1927 4602 oon·

406 4642 523 4725 scripta
543 4645 576 4706 et
597 4644 718 4706 statuta
737 4638 928 4722 infringeret,
951 4639 1095 4721 quociens
1114 4639 1264 4722 peccabit,
1284 4638 1401 4704 tociens
1423 4655 1458 4699 ur
1479 4656 1599 4704 marcas
1621 4637 1740 4704 civitati
1761 4636 1858 4719 dabit,
1877 4637 1926 4704 vel

407 4743 543 4827 graciam
565 4742 703 4809 inveniat
730 4740 875 4808 dmum.
919 4741 962 4807 Et
989 4747 1027 4807 ut
1052 4741 1208 4808 ordinacio
1236 4740 1411 4822 conscripta
1432 4746 1465 4806 et
1496 4745 1615 4807 statuta
1636 4738 1758 4806 illibata
1778 4744 1927 4823 perpetue

407 4851 582 4930 perseveret
602 4851 635 4911 et
655 4844 753 4924 firma,
786 4843 920 4926 sigillum
952 4843 1051 4909 maius
1078 4849 1111 4909 et
1137 4843 1249 4924 minus,
1281 4843 1365 4925 quod
1392 4848 1441 4909 est
1472 4849 1624 4909 moretum
1645 4847 1752 4908 nostre
1781 4841 1925 4924 dotans,

407 4947 601 5033 presentibus
622 4952 671 5012 ost
692 4964 849 5029 apensum.
893 4945 1010 5011 Datum
1030 4944 1184 5011 Poznanie
1206 4945 1239 5010 in
1258 4944 1309 5011 dic
1328 4945 1489 5012 beatorum
1508 4944 1644 5027 Philippi
1671 4947 1705 5010 et
1724 4942 1828 5010 Iacobi
1851 4962 1925 5027 apo·

406 5050 566 5130 stolorum,
589 5054 692 5115 actum
713 5047 771 5114 sub
790 5067 872 5114 anno
893 5047 1017 5113 Domini
1038 5048 1200 5114 millesimo
1223 5047 1302 5114 000
1323 5047 1556 5131 quadragesimo
1578 5051 1699 5131 quarte.

510 5254 647 5334 Crossin,
665 5274 741 5318 zone.
769 5257 901 5334 crossen,
924 5254 1290 5319 zoriem.zam‚1irotno.
1334 5252 1462 5337 Wynar,
1492 5257 1637 5332 Μηίων.
