4675 7067
1772 836 1846 907 515

319 1026 377 1091 bus
399 1026 631 1093 honorabilibus
653 1033 686 1093 et
707 1027 862 1095 nobilibus
883 1029 967 1109 viris,
990 1028 1114 1094 domino
1136 1028 1273 1096 Ionislao
1288 1029 1517 1114 archiepiscopo
1532 1037 1640 1098 sancte
1657 1031 1849 1100 (lucanensis

319 1128 455 1208 ecclesie,
477 1128 601 1194 domino
622 1128 759 1195 Iohanne
780 1129 933 1213 episcopo,
954 1129 1078 1196 domino
1095 1130 1224 1198 Nicolao
1247 1132 1386 1214 palatino
1399 1131 1613 1214 Poznaniensi,
1635 1133 1771 1202 Henrico
1792 1154 1848 1218 pa·

316 1228 414 1295 latino
435 1229 612 1309 Kchsieusi,
641 1228 779 1297 10100100
801 1231 969 1297 castellano
998 1231 1212 1314 Poznaniensi,
1234 1232 1360 1301 domino
1382 1232 1499 1300 011000
1513 1232 1697 1303 cancellario
1719 1236 1849 1303 Polouie

318 1338 351 1399 et
364 1336 493 1399 0001010
507 1332 635 1400 ecclesie
650 1331 907 1401 Sandomiriensis
922 1351 978 1417 per
992 1333 1079 1400 cnm
1099 1352 1210 1400 manus
1224 1339 1273 1402 est
1286 1334 1405 1416 datum,
1425 1341 1458 1403 et
1471 1336 1542 1403 aliis
1555 1336 1663 1404 multis
1676 1336 1848 1421 fidedigoin

422 1534 622 1618 Szbenschin,
646 1536 791 1621 quczqu.
835 1535 1027 1620 Copanycaa,
1046 1540 1213 1616 Kopnntcc.
1241 1537 1490 1622 Praeprostinya,
1513 1544 1758 1620 Przpproctpain
1788 1540 1849 1608 Go-

317 1656 435 1720 szmyn,
462 1640 596 1703 Koimtn.
640 1636 726 1718 Orle,
762 1641 842 1703 Orto.
896 1638 1120 1722 Bomanczyce,
1147 1643 1297 1724 Boiqcicc.
1347 1638 1480 1723 Golym,
1515 1645 1629 1708 dodun
1676 1641 1849 1724 Wolkowo,

324 1743 478 1805 Wattooo.
522 1738 719 1823 Dobyeieuo,
740 1746 789 1805 ate
806 1744 1000 1820 0000001000.
1039 1741 1231 1824 Lypowiecc,
1254 1745 1409 1820 11000100.
1438 1742 1650 1825 Wrothlrouo,
1679 1748 1850 1809 Wrotkomo

317 1841 471 1924 Sknlowo,
498 1846 644 1908 Skctowo.
697 1841 929 1926 Gaaucthnylry,
959 1848 1009 1907 nic
1040 1848 1235 1923 00000010ηο.
1285 1842 1606 1928 11000001100011.
1659 1845 1850 1930 Gobyernno,

320 1947 476 2010 Kobiemo.
522 1943 716 2024 Cmemcsno,
742 1948 943 2011 tlzeoreszno.
988 1944 1134 2028 bussync
1152 1964 1238 2028 gora
1265 1948 1315 2015 nic
1336 1950 1528 2024 0000001000.
1573 1946 1742 2030 Onyelicaa,
1763 1952 1850 2013 11110

322 2051 387 2111 lice.
432 2045 629 2130 chelycay,
654 2049 809 2111 Wolcnice.
846 2049 995 2111 Wicrsz8
1015 2067 1090 2112 zoin.
1106 2046 1280 2130 palatinum
1298 2045 1551 2129 Poznauienscm,
1565 2070 1591 2112 ro
1604 2053 1722 2134 lecipdza
1742 2058 1850 2130 01010]-

321 2148 483 2227 cznc'jjcst
504 2154 610 2229 mylae
631 2147 763 2231 mutini
783 2148 1018 2230 Poznaniensis3
1042 2153 1122 2228 cnsr.
1146 2154 1199 2215 Nr.
1222 2151 1320 2214 1023.-

962 2444 1034 2529 Nr.
1080 2440 1206 2529 1189.

419 2636 561 2719 llacaco
587 2638 789 2720 adsumtos
821 2637 1060 2719 obornicicm.
1095 2640 1234 2719 1339
1260 2638 1341 2727 Ian.
1367 2640 1418 2734 3,
1443 2659 1472 2720 s.
1499 2637 1543 2738 hp
1566 2655 1762 2723 cuononem
1783 2675 1850 2724 ma-

319 2758 389 2824 celli
410 2757 559 2837 carnium
579 2776 599 2822 a
619 2761 710 2840 patre
730 2775 787 2824 sno
806 2756 837 2823 b.
859 2775 900 2824 m.
920 2756 1065 2840 Rudgero
1095 2758 1251 2841 quondam
1273 2758 1425 2824 00000010
1448 2756 1671 2840 Oborniciemi,
1695 2762 1850 2825 monaste·

318 2861 365 2926 rio
385 2858 542 2926 1101100001
564 2858 672 2924 donati
691 2857 862 2924 coufirmat.

420 2965 558 3039 Peracto.
588 2964 701 3040 010010
751 2964 791 3022 W
809 2965 924 3040 dolopm
950 2965 1062 3041 brchu
1089 2971 1156 3042 trzy
1187 2968 1308 3047 mctpcio
1336 2981 1525 3041 poprzcczac
1553 2967 1593 3026 od
1618 2967 1851 3043 przym'crzcnia

313 3083 547 3230 WWZW·
580 3166 751 3244 Bibliotcltc.
796 3168 933 3245 Dtplonoc
955 3168 1009 3229 Nr.
1032 3166 1082 3228 11.

419 3367 457 3434 In
477 3366 600 3434 nomine
618 3366 742 3434 Domini
764 3385 863 3434 aruen.
906 3366 1065 3433 Presentis
1094 3367 1157 3434 vite
1180 3365 1317 3433 condicio
1347 3371 1465 3433 statum
1483 3365 1579 3433 habet
1606 3366 1791 3450 instabilem,
1814 3373 1850 3435 et

319 3490 356 3537 ca
376 3489 437 3553 qne
457 3469 574 3545 habent
594 3468 773 3549 essenciam,
795 3467 909 3535 cedunt
927 3468 1123 3535 invisibiliter
1143 3470 1185 3536 ad
1207 3487 1269 3535 non
1292 3487 1369 3536 esse.
1413 3468 1589 3553 Eapropter
1614 3469 1758 3536 noverint
1779 3469 1849 3537 uni·

319 3572 400 3638 versi
421 3570 613 3654 presencium
643 3569 790 3638 noticiam
817 3569 964 3650 babituri,
993 3569 1076 3653 quod
1100 3570 1262 3653 Rudgerus
1291 3568 1388 3637 felicis
1416 3569 1652 3652 recordacionis,
1682 3569 1851 3638 advocatus

319 3673 474 3757 quondum
496 3671 725 3738 Oborniciensis
754 3671 855 3737 adhuc
875 3671 908 3736 in
929 3669 1011 3738 bona
1030 3672 1145 3738 mentis
1165 3676 1199 3738 et
1222 3672 1360 3756 corporis
1381 3672 1431 3739 sui
1452 3672 1625 3740 valitudine
1650 3673 1850 3755 constitutus,

319 3776 407 3843 bonis
426 3773 570 3858 operibus
591 3773 718 3856 cupiens
749 3773 831 3840 diem
860 3790 916 3840 sue
936 3773 1195 3857 peregrinacionis
1226 3773 1389 3857 prevenire
1419 3793 1456 3841 00
1477 3774 1646 3858 prudenter
1675 3775 1849 3856 advertens,

319 3877 402 3961 quod
423 3876 468 3942 nil
489 3880 589 3942 morte
611 3875 729 3942 cercius
749 3879 783 3941 01
800 3874 896 3941 nichil
918 3874 1069 3942 incertius
1089 3874 1167 3941 hora
1198 3875 1317 3957 mortis,
1350 3876 1409 3943 hoc
1429 3876 1538 3942 solerti
1567 3875 1757 3958 cognocione
1772 3874 1851 3962 (sic)

319 3979 538 4062 premeditans,
560 3977 723 4045 macellum
741 3978 881 4045 carnium
902 3978 935 4043 in
956 3977 1058 4044 medio
1079 3975 1146 4045 toro
1167 3977 1304 4044 civitatis
1330 3976 1569 4059 Obornicieusis,
1598 3982 1665 4058 ant,
1693 3976 1771 4042 siin
1792 3976 1850 4044 ali·

319 4100 412 4165 quem
432 4081 528 4146 alium
548 4080 650 4147 locum
679 4079 844 4161 locaretur,
874 4078 1077 4163 preindicinm
1109 4097 1147 4146 ac
1175 4079 1429 4162 impedimentum
1460 4078 1580 4145 nullum
1609 4079 1735 4163 penitus
1755 4097 1795 4146 cx
1812 4096 1851 4147 00

319 4188 518 4267 genereretur
535 4182 620 4267 (sic),
642 4186 720 4263 quot
741 4181 843 4264 tytulo
857 4181 1036 4265 patrimonii
1050 4180 1090 4246 ad
1105 4181 1207 4263 ipsum
1222 4180 1408 4264 pertinebat,
1430 4198 1487 4264 pro
1507 4198 1563 4246 suo
1576 4197 1614 4247 ac
1632 4196 1759 4245 snorum
1777 4197 1850 4263 pro·

320 4281 496 4369 geniwrum
515 4284 689 4351 animarum
707 4283 877 4350 remedium
898 4284 976 4370 (sic)
994 4302 1032 4351 ac
1053 4283 1154 4350 saluta
1186 4283 1375 4350 monasterio
1395 4282 1481 4348 dicto
1502 4281 1611 4349 Iekno
1632 4281 1775 4362 contulit,
1797 4280 1851 4349 de-

320 4387 369 4454 dit
386 4406 424 4455 ac
440 4385 569 4454 donavit
588 4385 647 4453 hoc
668 4384 768 4466 modo,
790 4385 874 4467 quod
894 4385 1067 4470 predictum
1088 4385 1269 4452 maccellum
1291 4385 1431 4452 carnium
1450 4383 1611 4452 nectendi
1633 4400 1691 4451 000
1711 4382 1780 4450 dari
1793 4401 1852 4453 uec

320 4489 430 4558 1100011
452 4488 546 4556 011001
566 4486 687 4568 debeat,
718 4486 773 4554 sed
794 4506 851 4571 pro
864 4488 1012 4554 utihtate
1033 4506 1071 4554 ac
1091 4487 1292 4570 reputacione
1309 4487 1442 4571 predicti
1475 4485 1657 4554 monasterii
1676 4483 1797 4552 tructus
1817 4489 1851 4553 01

321 4610 431 4660 census
452 4596 602 4675 perpetuo
633 4587 746 4657 debeat
766 4590 914 4657 converti.
958 4589 995 4655 In
1027 4588 1115 4656 cuius
1142 4589 1189 4656 rei
1219 4587 1431 4656 testimonium
1454 4592 1488 4654 et
1513 4588 1563 4654 ad'
1583 4586 1850 4657 confirmacionem

320 4693 501 4778 pleniorem,
523 4709 580 4774 ego
602 4690 728 4757 Macaoo
756 4689 934 4772 advocatus,
963 4690 1130 4758 succedens
1150 4691 1183 4756 in
1205 4689 1308 4757 locum
1340 4689 1440 4773 patris
1460 4688 1521 4755 mei
1549 4688 1682 4772 predicti
1703 4686 1849 4774 liudgeri,

321 4795 401 4861 hauc
422 4793 562 4860 litteram
584 4790 677 4860 scribi
698 4792 785 4874 iussi,
807 4797 841 4858 et
860 4811 929 4859 meo
950 4791 1054 4875 sigillo
1072 4791 1147 4877 (sic)
1169 4790 1339 4857 munimine
1359 4787 1500 4858 roborari
1528 4808 1633 4859 coram
1652 4789 1759 4856 milite
1772 4789 1851 4858 Bro-

321 4895 416 4962 nissio
435 4895 474 4961 de
495 4893 669 4978 Obyeaeme
688 4897 723 4960 et
742 4891 840 4960 tratre
860 4910 917 4960 suo
936 4892 1090 4974 Ienardo,
1116 4910 1175 4960 nec
1201 4911 1263 4960 non
1285 4910 1389 4961 coram
1418 4890 1595 4959 oonsulibus
1618 4890 1755 4958 eiusdem
1776 4890 1851 4958 civi-

322 4997 407 5078 tatis,
429 4995 571 5064 videlioet
592 4996 685 5062 Petro
703 5000 819 5076 sutore,
841 4994 979 5063 Iohanne
1007 4995 1163 5076 Procnow,
1193 4994 1276 5062 10010
1308 4999 1438 5077 textore,
1464 4992 1600 5061 Henrioo
1628 4992 1796 5074 doleatore,
1818 4996 1852 5060 01

321 5099 393 5166 aliis
413 5097 474 5164 tide
495 5097 604 5182 dignis.
649 5097 766 5164 Datum
794 5101 827 5163 et
847 5102 954 5164 actum
979 5096 1134 5165 dominica
1159 5097 1211 5164 die
1238 5096 1272 5162 in
1293 5103 1402 5165 octavo
1429 5095 1514 5164 beati
1544 5093 1692 5162 Iohannis
1715 5093 1849 5178 apostoli
1988 5176 1994 5186 Ι

323 5207 358 5268 01
377 5200 584 5285 ewangeliste,
608 5199 666 5267 sub
687 5217 769 5267 anno
790 5199 915 5268 Domim
936 5214 1214 5266 mcccxxxrx.

425 5403 663 5485 Oboruicieusis,
687 5407 725 5468 dc
751 5407 902 5470 Obomr'ki.
946 5401 1198 5484 001000ιο0.
1240 5400 1424 5487 Obyecerne,
1453 5404 1628 5480 Objczt'crzc
