4675 7067
515 860 589 935 214

512 1066 684 1145 presentem
708 1060 851 1145 paginam
872 1060 973 1145 sigillo
994 1061 1109 1128 domini
1131 1061 1281 1135 Fridsrici
1303 1063 1464 1131 camerarii
1485 1064 1572 1147 regni
1593 1063 1720 1130 Polonie
1740 1069 1775 1130 et
1788 1064 1950 1131 deitatum
1964 1082 2034 1147 pre·

511 1164 663 1230 dictarum
682 1163 791 1246 sigillis
812 1162 939 1231 fecimus
960 1164 1108 1231 roborari.
1152 1165 1266 1236 Actum
1288 1170 1322 1231 et
1343 1166 1452 1232 datum
1476 1165 1509 1231 in
1531 1166 1615 1232 Piuir
1645 1184 1726 1232 anno
1749 1167 1875 1233 Domini
1907 1165 2034 1233 MDCO

510 1266 653 1348 secundo,
675 1266 816 1350 proxima
836 1266 913 1335 ieris
935 1270 1032 1335 tercia
1052 1273 1124 1351 post
1144 1268 1226 1347 diem
1246 1274 1353 1335 amicte
1375 1268 1534 1335 KaterIne.

611 1470 703 1554 Pizir,
723 1476 853 1553 szdry.

1167 1773 1239 1863 ΝΡ.
1272 1768 1370 1856 859.

611 1964 766 2047 hiarino
786 1966 906 2049 dlotm
921 1968 963 2048 de
977 1966 1206 2073 hohenstapn
1221 1970 1433 2071 capitaneus
1446 1968 1833 2051 banchioiona1302
1846 1974 1936 2054 Nor.
1950 1974 2031 2068 29,

509 2066 550 2149 in
580 2068 791 2170 banohioim
817 2086 850 2152 in
871 2087 1188 2169 recompensationem
1210 2086 1419 2153 hereditatum
1440 2087 1566 2171 Topola,
1589 2087 1815 2172 Wilculrouioe,
1837 2090 2032 2173 Bojanowioe

509 2193 542 2254 et
564 2187 675 2270 Lubin,
700 2206 778 2271 quas
804 2188 867 2253 dux
890 2188 1079 2255 Wladislaus
1108 2206 1233 2267 mensae
1261 2190 1514 2274 archiepiscopali
1539 2190 1721 2273 abstulerat,
1752 2191 1939 2258 hereditates
1964 2191 2033 2257 Pie-

510 2289 599 2374 kary,
620 2290 841 2373 Micbalowice,
865 2291 1103 2359 Witaliszewice
1126 2298 1159 2361 et
1180 2292 1296 2378 ngioe
1316 2294 1464 2360 ecclesiae
1485 2294 1663 2377 praedictae
1686 2293 1812 2360 addicit.

614 2398 749 2473 Pergam.
774 2400 901 2476 orppia,
923 2414 945 2458 u
967 2396 1088 2475 limem
1117 2416 1159 2463 aa
1184 2402 1300 2475 puuuic
1325 2402 1388 2461 uici
1407 2399 1568 2478 jesema,
1589 2396 1673 2480 rou,
1697 2417 1839 2464 cuman.
1863 2398 2032 2462 iruebieck.

505 2502 731 2578 przpwieszonu
750 2498 873 2583 pieczed
896 2504 1042 2577 Alorcum
1062 2506 1209 2577 (pieozee
1226 2508 1389 2573 XXXIII).

616 2602 753 2665 Gaiezao.
796 2604 912 2665 belriu
942 2603 1070 2679 Capituli
1094 2604 1250 2680 Metropol.
1274 2604 1329 2666 Nr.
1351 2603 1402 2666 73.

611 2802 649 2869 In
669 2803 794 2870 nomine
814 2803 939 2870 Domini
961 2821 1059 2870 amen.
1104 2804 1151 2878 Ut
1171 2810 1262 2888 gesta
1282 2806 1331 2872 uel
1360 2805 1573 2873 ordinacionem
1597 2806 1756 2874 hominum
1781 2808 1960 2875 mortalium
1986 2810 2031 2876 di-

507 2926 585 2991 gnas
606 2909 754 2975 memoria
781 2925 845 2974 non
861 2906 997 2974 'aboleat
1022 2907 1145 2990 oblivio,
1173 2927 1234 2992 que
1259 2909 1342 2975 solet
1370 2916 1533 2976 extracta
1556 2910 1606 2976 vel
1635 2910 1864 2995 longinquitate
1886 2913 2033 2995 temporis

507 3012 679 3095 provenIre,
700 3010 829 3095 pmvida
849 3012 1025 3094 sapientum
1045 3010 1183 3085 decrevit
1212 3013 1393 3094 auctoritas,
1423 3030 1462 3078 ea
1490 3013 1539 3079 vel
1569 3031 1622 3079 eas
1650 3013 1827 3080 litterarum
1856 3016 2034 3082 testimonio

510 3114 723 3180 commendare
744 3113 859 3181 noticia
879 3112 1064 3179 futurorum.
1109 3113 1186 3182 lnde
1207 3115 1362 3198 estquod
1393 3134 1449 3198 ego
1477 3115 1606 3183 Alexins
1634 3115 1736 3183 dictus
1762 3115 1801 3182 de
1827 3116 2034 3201 lekensteyn,

509 3216 688 3299 capitaneus
709 3214 951 3297 Lanchiciensis,
972 3216 1013 3283 ad
1034 3223 1216 3301 perpetuam
1233 3218 1280 3283 rei
1300 3219 1480 3285 memoriam
1501 3223 1609 3285 notum
1630 3218 1710 3285 facio
1738 3220 1889 3285 universis
1910 3238 2035 3303 presen-

509 3323 557 3385 tes
577 3319 698 3385 litteras
719 3320 914 3403 inspecturis,
939 3320 1022 3403 quod
1042 3339 1111 3393 cum
1132 3339 1153 3386 a
1173 3320 1399 3405 preclarissimo
1424 3320 1563 3404 principe
1584 3325 1617 3387 et
1636 3320 1760 3388 domino
1779 3340 1901 3405 semper
1917 3324 2035 3406 magni·

510 3420 578 3503 fico,
608 3421 732 3487 domino
754 3420 936 3489 wenceslao
964 3421 1025 3487 Dei
1051 3423 1158 3505 gracia
1185 3422 1333 3489 Bohemie
1359 3427 1393 3488 et
1414 3421 1541 3489 Polonie
1568 3441 1649 3506 rege,
1676 3422 1799 3490 domino
1821 3443 1890 3491 meo
1911 3424 2035 3507 dilecto,

508 3523 738 3607 capitaneatum
759 3542 795 3591 eo
817 3524 943 3592 iubente
963 3524 996 3589 in
1018 3531 1103 3599 tarra
1125 3526 1223 3608 ipsius
1244 3525 1410 3592 Lanchicie
1430 3527 1615 3608 recepissem
1639 3544 1720 3591 anno
1744 3526 1869 3593 Domini
1897 3525 2034 3594 mccc.

510 3627 654 3709 secundo,
673 3626 776 3693 Inveni
798 3626 1004 3693 uenerabilem
1022 3633 1144 3724 patrem
1166 3628 1325 3695 dominum
1345 3627 1501 3709 Iacobum,
1523 3628 1581 3694 Dei
1602 3628 1708 3711 gmcia
1727 3627 1918 3695 Gneznensis
1939 3630 2036 3721 eecle-

507 3730 554 3797 sie
571 3729 844 3812 archiepiscopum,
867 3738 938 3796 cum
958 3730 1076 3803 ducatu
1094 3729 1311 3798 Lanchiciensi
1333 3750 1426 3815 super
1447 3731 1631 3815 quibusdam
1645 3730 1852 3814 infrascriptis
1878 3732 2034 3799 heredita-

372 3892 385 3919 ,
509 3832 593 3899 tibus
614 3832 806 3913 discordum
829 3832 874 3898 ita
895 3832 979 3916 quod
1000 3838 1073 3929 post
1088 3834 1205 3900 multas
1227 3833 1444 3916 querimonias,
1467 3851 1544 3916 quas
1558 3832 1651 3901 michi
1666 3833 1749 3902 sicut
1769 3839 1802 3901 et
1815 3834 1965 3902 hactenus
1986 3836 2034 3901 in·

509 3936 583 4001 clito
607 3935 740 4019 principi
767 3935 891 4002 domino
921 3935 993 4005 duci
1019 3935 1193 4004 Wladislao
1219 3955 1313 4021 super
1336 3935 1503 4003 eamndem
1527 3936 1796 4020 inhascriptarum
1827 3936 2034 4004 hereditatum

507 4038 629 4105 iniuriis
651 4038 851 4122 proponebat,
873 4038 1011 4109 ostendit
1031 4038 1112 4105 idem
1126 4041 1269 4107 dominus
1283 4039 1531 4123 archiepiscopus
1546 4044 1579 4105 et
1592 4058 1648 4123 pro
1666 4040 1788 4107 notorio
1804 4045 1852 4105 est
1867 4047 2033 4123 repertum,

508 4140 591 4224 quod
611 4142 674 4207 iam
693 4140 796 4207 dictum
816 4140 958 4207 dominus
979 4140 1043 4206 dur
1065 4141 1256 4209 WladIsluus
1274 4142 1332 4208 has
1352 4142 1540 4208 hereditates
1554 4161 1659 4209 mense
1673 4142 1789 4209 domini
1803 4142 2033 4227 archiepisoopi‚

508 4243 679 4327 Thopolam
697 4243 842 4309 videlicet
859 4238 1013 4317 mentem
1035 4261 1128 4327 super
1148 4244 1294 4327 paludem
1314 4246 1347 4311 in
1367 4244 1429 4311 fine
1447 4246 1552 4328 pontis
1570 4250 1644 4312 unte
1662 4246 1819 4312 civitatem
1834 4244 2034 4313 Lanchicien·

510 4362 584 4427 sem,
614 4346 689 4412 Item
715 4345 772 4411 has
798 4346 875 4411 duas
904 4344 1104 4427 hereditates,
1130 4345 1367 4431 Wylcheyevice
1394 4353 1427 4413 et
1452 4347 1646 4432 Boyanovioe
1670 4348 1748 4414 sitos
1773 4366 1867 4431 super
1891 4348 2034 4431 paludem

509 4448 647 4530 eandem,
670 4449 746 4515 item
768 4448 897 4531 Lubyno
919 4448 1011 4521 sltem
1033 4453 1107 4515 ante
1126 4449 1284 4517 civitatem
1306 4449 1566 4533 Lanchiciensem,
1595 4470 1652 4535 pro
1680 4451 1746 4517 suis
1769 4452 1942 4534 civiumque
1963 4470 2033 4517 suo·

510 4568 579 4616 rum
601 4550 708 4617 usibus
736 4552 777 4617 ad
807 4552 855 4617 ius
881 4550 1100 4629 Theutonicale
1125 4553 1246 4637 redegit
1272 4555 1513 4622 commutacione
1539 4555 1662 4622 domino
1691 4554 1921 4638 archiepiscopo
1949 4554 2035 4620 nulla

508 4656 592 4739 data,
614 4674 707 4740 qnam
729 4662 832 4722 tamen
852 4656 910 4726 sibi
932 4654 1126 4739 frequencius
1148 4657 1360 4740 promittebat.
1404 4658 1472 4742 Ego
1490 4664 1605 4740 summ,
1628 4663 1661 4725 et
1681 4657 1791 4724 honori
1812 4657 1930 4724 domini
1951 4659 2033 4741 regis

508 4758 638 4842 predicti
660 4761 839 4844 pariterque
860 4760 964 4842 saluti,
987 4778 1044 4828 nec
1064 4778 1126 4827 non
1144 4762 1276 4827 utilitati
1297 4767 1334 4829 et
1351 4761 1479 4828 comodo
1501 4780 1556 4827 sne
1577 4759 1807 4827 Lanchiciensis
1832 4759 1971 4844 predicte
1992 4761 2034 4827 ci-

508 4861 615 4930 vitatis
636 4863 795 4930 intendere
817 4862 977 4949 cupiendo,
1001 4864 1191 4931 auctoritate
1211 4862 1324 4947 prelati
1346 4864 1463 4930 domini
1483 4863 1564 4947 regis
1586 4868 1619 4928 et
1639 4862 1762 4929 nomine
1791 4861 1966 4929 huiusmodi
1987 4881 2035 4929 se·

508 4965 578 5033 dari
599 4965 784 5033 discordiam
806 4965 947 5037 utrilibet
968 4968 1106 5050 parcium
1128 4968 1262 5048 noriam,
1286 4967 1562 5033 commutacionem
1589 4982 1682 5049 snper
1702 4964 1927 5033 hereditatibus
1947 4984 2034 5049 sepc-

507 5069 598 5135 dictis
630 5088 699 5136 cum
732 5069 855 5141 domiuo
886 5068 1115 5154 archiepiscopo
1150 5069 1258 5135 taliter
1288 5068 1437 5135 iaciendo.
1493 5068 1571 5134 Dedi
1612 5086 1745 5151 namque
1777 5068 1875 5136 eidem
1909 5068 2033 5136 domino

507 5171 737 5255 archiepiscopo
759 5176 791 5237 et
812 5189 917 5245 mense
938 5189 993 5237 sue
1014 5189 1071 5253 pro
1090 5170 1208 5254 Topola
1229 5170 1404 5237 hereditate
1425 5170 1555 5254 prelata,
1583 5169 1788 5237 hereditatem
1809 5171 1972 5238 militalem
1993 5171 2034 5237 si·

508 5278 573 5338 tarn
595 5292 690 5356 prope
711 5272 841 5354 Pantek,
865 5291 925 5356 que
946 5272 1068 5357 Pekary
1090 5274 1260 5356 vulgariter
1280 5280 1486 5357 nuncupatur,
1501 5273 1672 5367 ‚hermbos
1693 5274 1777 5340 illitis
1791 5277 2035 5342 commutacione

508 5377 669 5459 promissa
713 5375 793 5443 Item
815 5376 886 5442 dedi
906 5395 962 5459 pro
985 5375 1158 5442 hereditate
1185 5376 1315 5461 Lubyno
1341 5377 1491 5460 predicta,
1522 5375 1615 5442 aliam
1640 5376 1844 5443 hereditatem
1872 5376 2034 5444 militulcm

389 5541 408 5573 ,
508 5496 569 5562 que
589 5475 793 5569 Michalovioy
814 5478 1002 5560 nominatur,
1023 5479 1176 5545 iacentem
1198 5479 1238 5546 ab
1259 5480 1314 5545 illa
1335 5484 1425 5563 parte
1449 5477 1534 5544 fluvii
1564 5496 1658 5562 super
1686 5479 1840 5563 paludem,
1870 5478 2033 5548 heredibus

507 5580 573 5648 eius
597 5582 841 5651 commutacione
864 5582 1023 5664 promissa.
1077 5579 1224 5647 Ceterum
1251 5600 1308 5665 pro
1337 5580 1458 5647 duabus
1484 5580 1720 5662 hereditatibus,
1750 5582 1917 5649 nominatis
1946 5582 2033 5667 Wyl-

508 5684 670 5768 chepevice
691 5684 810 5751 scilicet
830 5688 863 5750 et
883 5682 1086 5767 Boyanovice,
1109 5683 1181 5751 dedi
1202 5684 1345 5749 similiter
1358 5684 1435 5749 duas
1449 5683 1528 5750 alias
1542 5684 1740 5765 hereditates,
1762 5703 1856 5751 unam
1870 5685 2031 5752 militalem

508 5786 715 5854 Vitalisseuici
737 5792 955 5871 nuncupatam,
975 5786 1138 5854 heredibus
1161 5786 1404 5855 commutacione
1430 5788 1591 5872 promissa,
1618 5793 1651 5854 et
1678 5786 1772 5855 aliam
1801 5788 1945 5855 ducalem
1973 5808 2034 5873 que
