4675 7067
1774 821 1846 893 509

325 1043 381 1108 per
399 1023 504 1090 fidelos
526 1027 648 1088 nostros
669 1021 750 1088 cives
773 1020 963 1088 Kahsienses
986 1020 1122 1104 inpensis
1150 1024 1183 1087 et
1208 1020 1239 1086 in
1273 1026 1432 1103 posterum
1453 1021 1664 1104 inpendendis,
1695 1024 1854 1107 cupientes

326 1126 542 1194 nichilominus
573 1125 819 1192 melioracionem
851 1124 986 1190 civitatis
1018 1124 1155 1190 eitudem
1187 1130 1292 1191 nostre
1325 1124 1517 1207 Kahsiensis‚
1549 1126 1648 1192 eidem
1671 1125 1791 1194 civitati
1820 1132 1854 1193 et

326 1229 466 1296 omnibus
488 1227 700 1294 habitantibus
721 1228 754 1293 in
771 1245 810 1293 ea
842 1245 962 1293 exnunc
993 1226 1112 1307 damus,
1144 1226 1329 1292 conferimus
1360 1232 1394 1293 et
1414 1228 1564 1294 donamus
1587 1228 1720 1295 annuale
1742 1228 1853 1311 lorum,

326 1337 499 1399 statuentes
520 1331 597 1396 illud
616 1331 649 1395 in
670 1329 750 1397 leste
765 1334 873 1396 sancte
886 1329 1063 1412 Margarete
1077 1329 1216 1412 virginis,
1239 1330 1412 1414 incipiendo
1430 1330 1569 1413 augilis
1587 1331 1724 1399 eiusdem
1747 1337 1853 1400 sancte

328 1434 455 1518 virginis
478 1434 664 1516 Margarete,
686 1450 785 1514 usque
803 1450 859 1514 per
880 1436 950 1498 octo
973 1430 1040 1496 dies
1061 1431 1207 1497 continue
1227 1432 1308 1515 qnod
1328 1432 1440 1499 durare
1458 1432 1559 1514 debet,
1581 1439 1614 1499 et
1628 1434 1738 1501 amodo
1759 1433 1854 1502 semel

325 1536 358 1601 iu
380 1554 461 1602 anno
489 1535 523 1600 in
549 1534 655 1601 eodem
684 1533 764 1600 festo
793 1532 981 1616 temporibus
1013 1534 1170 1616 perpetuis
1204 1534 1399 1601 duraturum.
1444 1535 1647 1602 Absolventas
1673 1537 1754 1604 cives
1771 1538 1854 1604 dicte

325 1639 460 1704 civitatis
481 1643 513 1704 et
534 1655 640 1702 eorum
662 1640 812 1719 posteros
833 1653 999 1719 omnesque
1021 1635 1158 1718 hospites
1181 1636 1305 1702 aliunde
1338 1638 1458 1705 ratione
1480 1637 1539 1704 lori
1559 1638 1673 1705 ibidem
1695 1658 1729 1706 se
1750 1644 1853 1706 mans·

324 1739 467 1821 ferentes,
492 1740 531 1805 de
549 1738 677 1805 consilio
698 1744 820 1805 maturo
838 1737 989 1804 baronum
1010 1742 1188 1803 nostrorum
1210 1738 1249 1804 ab
1272 1739 1413 1806 omnibus
1439 1741 1697 1824 iurisdicionibus‚
1719 1761 1853 1825 quecun-

251 1925 262 1941 ,
324 1862 385 1925 que
405 1844 469 1908 sint
489 1848 545 1908 aut
565 1859 748 1924 quocunque
771 1840 893 1906 nomine
914 1844 1070 1920 notentur,
1093 1844 1126 1905 et
1146 1839 1187 1905 ab
1201 1841 1284 1906 omni
1307 1843 1464 1909 solucione
1478 1842 1679 1924 thelonearia,
1701 1843 1743 1910 ab
1756 1844 1853 1910 omni·

325 1945 444 2028 busque
464 1944 534 2026 hiis,
555 1963 615 2028 que
637 1943 771 2010 annuale
792 1942 892 2009 iorum
914 1943 1055 2025 inpedire
1076 1942 1124 2008 vel
1153 1944 1336 2025 perturbare
1362 1951 1595 2012 consueverunt.
1639 1945 1677 2011 In
1700 1946 1787 2013 cuius
1807 1946 1854 2014 rei

329 2049 550 2130 testimonium,
572 2051 731 2130 presentes
752 2045 846 2111 scribi
879 2052 912 2112 et
934 2045 1034 2111 nostri
1060 2044 1154 2128 sigilli
1182 2047 1351 2113 munimine
1377 2047 1522 2114 iussimus
1544 2046 1692 2114 roborari.
1736 2048 1854 2114 Datum

325 2156 358 2216 et
378 2155 482 2218 actum
503 2149 592 2217 Kalis
613 2149 664 2216 die
686 2149 785 2215 sancti
805 2147 952 2231 Floriani,
974 2168 1056 2215 anno
1081 2149 1207 2215 Domini
1229 2149 1455 2216 MCCOleX
1477 2157 1597 2218 octavo.

976 2447 1048 2529 Nr.
1083 2442 1208 2530 1181.

426 2643 616 2726 Ianisleus
636 2663 664 2723 s.
684 2641 878 2723 dnennens.
898 2641 1044 2724 ecclesie
1064 2642 1354 2746 archiepiscopus
1373 2645 1503 2725 1338
1521 2643 1606 2726 hlei,
1624 2649 1673 2740 Β,
1699 2643 1853 2748 (lnezne

325 2767 426 2833 lacum
454 2765 632 2850 Gleboccek
660 2765 847 2830 monasterio
875 2763 914 2830 de
941 2764 1142 2830 Trzemesnno
1182 2769 1291 2831 contra
1317 2764 1498 2848 petitionem
1528 2764 1687 2832 Benedicti
1718 2765 1857 2834 custodis

327 2869 499 2936 Gnecnens.
522 2867 687 2934 adiudicat.

431 2977 623 3049 Tronssccmpt
637 2976 761 3051 crypta,
773 2975 993 3049 potroicrdzony
1001 2992 1112 3049 przez:
1123 2969 1310 3037 vincencins
1322 2970 1568 3053 archiepiscopus
1586 2971 1758 3038 Gnezuens.
1772 2971 1853 3038 1448

325 3076 418 3141 Mart.
444 3073 493 3154 18,
513 3073 651 3152 Gnezne;
674 3095 700 3134 ro
717 3093 850 3151 perpera
870 3078 1029 3152 pozostoiy
1048 3077 1168 3136 dziurlci
1187 3077 1226 3136 od
1242 3078 1477 3153 przpeteczcnto
1491 3073 1603 3150 jedae'j
1619 3075 1772 3160 pieczpci1

431 3182 629 3240 lizenccszoo.
674 3180 772 3238 Prioil.
802 3180 887 3240 Ceno.
916 3179 1025 3240 Conon.
1050 3180 1156 3254 Repeti.
1182 3179 1322 3240 Letoon.

428 3381 579 3447 Noverint
602 3380 736 3447 universi
765 3380 956 3463 presencium
983 3380 1128 3446 noticiam
1156 3380 1303 3462 habituri,
1333 3382 1416 3463 quod
1448 3400 1518 3448 cum
1542 3400 1644 3449 coram
1667 3383 1755 3450 nobis
1774 3383 1855 3451 leni·

326 3485 402 3565 sloo,
424 3483 529 3549 divina
550 3490 583 3550 et
602 3483 769 3566 apostolice
791 3481 879 3548 Sedis
897 3483 1094 3565 providencia
1115 3488 1223 3548 sancte
1242 3483 1435 3551 Gnezuensis
1465 3485 1593 3552 ecclesie
1614 3486 1855 3570 archiepiscopo,

326 3588 408 3653 inter
429 3586 638 3651 honorabilem
661 3586 761 3651 virum
782 3586 940 3651 domiuum
954 3585 1155 3651 Beuedictum
1178 3587 1336 3652 custodem
1365 3587 1587 3670 Gneznensem,
1609 3607 1647 3654 ex
1665 3607 1737 3670 uno,
1759 3593 1792 3654 et
1805 3607 1855 3655 re-

328 3691 454 3774 ligiosos
475 3690 557 3756 viros
579 3689 742 3756 Nicolaum
762 3690 953 3772 prepositum
975 3695 1007 3754 et
1029 3695 1213 3755 conventum
1236 3690 1416 3755 monasterii
1447 3690 1732 3758 Trzemeschnensis
1765 3689 1856 3756 Ouli-

329 3794 377 3858 nis
399 3794 498 3859 sancti
520 3793 697 3876 Augustini,
718 3797 808 3875 parte
826 3811 864 3857 ex
885 3793 994 3873 altera,
1014 3809 1106 3873 super
1129 3792 1200 3857 lecu
1222 3790 1443 3858 Glamboczecz
1462 3793 1555 3874 dicto,
1587 3793 1640 3875 qui
1659 3793 1739 3859 iacet
1760 3810 1856 3877 prope

328 3896 452 3961 Duszno
474 3896 556 3962 circa
570 3896 685 3960 limites
706 3895 947 3975 Tmemesenses,
963 3899 1032 3959 orta
1057 3893 1167 3958 luisset
1181 3894 1313 3960 materia
1334 3894 1514 3976 questionis
1529 3895 1661 3978 predicti
1678 3896 1855 3978 prepositus

328 4005 361 4064 et
382 4002 549 4065 conventus
571 3997 610 4063 de
631 3998 832 4062 Tmemesmo
850 3995 1038 4062 sufficienter
1061 4014 1116 4078 per
1138 4001 1235 4061 testes
1257 3997 1385 4078 iuratos,
1407 3997 1526 4063 scilicet
1547 3996 1723 4063 sacerdotes
1744 4003 1777 4063 et
1798 3997 1856 4063 mi-
1977 4021 1980 4027 ·

327 4101 399 4166 lites
420 4100 639 4183 probaverunt,
669 4099 785 4165 dictum
807 4099 909 4165 lacum
943 4098 1163 4165 Glumboczecz
1192 4098 1232 4164 ad
1253 4116 1287 4164 se
1308 4104 1341 4164 et
1367 4099 1408 4165 ad
1427 4118 1516 4165 suum
1545 4099 1766 4166 monasterium
1787 4118 1856 4183 pre·

327 4203 444 4269 dictum
466 4202 618 4285 legittime
639 4220 659 4266 a
681 4202 787 4267 multis
810 4201 1000 4284 temporibus
1022 4201 1187 4283 pertinere.
1221 4200 1286 4266 Nos
1308 4200 1382 4267 visis
1410 4201 1645 4285 probacionibus
1668 4200 1854 4286 huiusmodi,

328 4305 552 4372 deliberacione
573 4323 643 4370 cum
664 4303 814 4370 fratribus
837 4305 952 4371 nostris
966 4303 1130 4387 prehabito
1150 4303 1301 4387 diligenti,
1325 4305 1498 4387 predictum
1511 4305 1613 4371 lacum
1635 4303 1855 4372 Glamboczecc

326 4407 419 4474 dictis
440 4407 598 4491 preposito
620 4413 653 4472 et
674 4408 838 4474 conventui
860 4427 897 4474 ac
919 4408 1108 4473 monasterio
1130 4407 1268 4490 predicte
1291 4407 1538 4474 Tmemasznensi
1568 4394 1746 4474 adiudicare
1767 4425 1856 4473 cura·

327 4511 436 4592 vimus,
466 4509 586 4592 prefato
615 4509 782 4576 Benedieto
808 4510 928 4576 eustuu
960 4528 1053 4592 super
1074 4510 1141 4592 ipso
1171 4514 1354 4591 perpetuum
1385 4508 1546 4575 silencium
1572 4509 1774 4591 imponentes.
1819 4507 1856 4574 In

328 4614 414 4680 cuius
435 4613 480 4679 rei
503 4613 723 4694 testimonium,
746 4618 886 4679 nostrum
908 4613 1042 4696 sigillum
1066 4611 1261 4695 presentibus
1276 4618 1325 4678 est
1345 4631 1524 4695 appensum.
1558 4614 1673 4678 Actum
1691 4617 1724 4678 et
1745 4611 1855 4678 datum

328 4715 453 4782 Gnezne
474 4716 506 4781 in
528 4715 578 4781 die
592 4717 692 4782 sanmi
713 4715 875 4798 Gothardi,
897 4733 978 4781 enno
993 4714 1118 4781 Domini
1141 4714 1304 4781 millesimo
1326 4715 1535 4780 tricentesimo
1558 4715 1713 4782 tricesimo
1735 4721 1854 4799 octavo,

327 4818 522 4902 presentibus
551 4819 698 4886 dominis:
736 4819 852 4885 onne
881 4817 1048 4901 preposito,
1082 4817 1250 4883 Vincencio
1280 4818 1405 4898 decano,
1437 4817 1599 4883 Pmecnleo
1631 4818 1855 4900 archidiacono,

328 4921 464 4987 Iohanne
485 4921 647 4987 scolastico
668 4926 701 4987 et
721 4922 815 4988 Petro
837 4919 1030 5002 cancellario,
1053 4924 1086 4986 et
1107 4919 1178 4985 aliis
1200 4919 1354 4987 mnonicis
1376 4919 1616 4987 Gnecncnsibus.

432 5126 534 5193 Lacus
556 5124 787 5209 Glamboczecc,
803 5130 867 5206 jez.
896 5129 1065 5212 thboczclc.
1109 5125 1244 5208 Duszno,
1268 5129 1397 5191 Berzeo.
