4675 7067
999 1199 1072 1332 Nn.
1117 1189 1243 1282 1077.

460 1425 735 1506 Bartholomcua
770 1425 1048 1506 archidiaconns
1084 1425 1382 1508 Wladiolaricns
1413 1430 1478 1509 etc
1518 1432 1650 1508 1827
1685 1430 1772 1532 dpr.
1808 1435 1889 1526 25,

361 1526 516 1627 Gnezn93
538 1543 739 1609 Rzenczivoio
763 1543 958 1625 privilegium
980 1561 1073 1625 snper
1094 1544 1237 1610 scoltetia
1257 1545 1350 1610 ullae
1371 1545 1472 1612 Gdrki
1494 1548 1630 1614 innovat.

463 1645 600 1723 Perpau
622 1651 754 1726 ornem,
776 1666 798 1708 u
820 1645 941 1723 ttdrcpo
962 1655 1030 1725 trzy
1049 1651 1197 1730 picczpctc
1224 1653 1452 1725 przymtcazoao.
1502 1653 1625 1713 mamete
1647 1651 1815 1729 pterwaztj,
1836 1672 1888 1716 za·

359 1753 503 1827 wicazony
524 1766 566 1809 na
589 1750 868 1823 uiciactjcdmabiu
895 1747 966 1810 tort.
991 1752 1182 1827 sonoram„
1209 1753 1412 1826 przcdatawio
1441 1771 1530 1830 zaroc
1559 1755 1685 1831 tulupa
1699 1756 1889 1838 eiedzqccpo;

359 1854 448 1927 capu
469 1853 634 1928 odiumny.
668 1853 713 1910 Po
735 1849 858 1928 druptc'j
874 1855 1032 1927 pozosloly
1052 1854 1118 1912 loo
1139 1856 1260 1935 wctcmo
1281 1873 1308 1913 m
1326 1857 1451 1933 donym,
1469 1859 1641 1932 zololoupm
1664 1857 1784 1932 drzepo,
1796 1873 1887 1932 prze-

361 1955 441 2014 ilatc.
490 1954 613 2013 lizecto
631 1955 841 2027 podhtpomato
860 1955 1063 2028 przcdatomic
1083 1956 1157 2014 duic
1179 1955 1266 2030 oaoby
1287 1957 1324 2016 do
1338 1957 1426 2016 stebic
1441 1954 1601 2035 aurdanau,
1623 1961 1686 2033 pod
1702 1955 1889 2034 podrodjrmo

359 2055 536 2131 ementium
554 2057 677 2137 atojpcc,
700 2057 764 2129 pod
787 2057 877 2115 merui
901 2056 1043 2137 ttpczpco
1069 2054 1177 2130 pottoc'
1199 2075 1217 2116 z
1236 2058 1401 2119 ztotoucmi
1421 2059 1544 2140 rflrumt,
1577 2056 1733 2120 zurdcoao
1754 2078 1781 2118 m
1803 2061 1890 2131 temo:

359 2159 449 2231 napis
471 2162 600 2234 wtorty.

469 2260 607 2320 dotem.
652 2260 769 2321 Arcitia
792 2260 920 2335 Capituli
944 2261 1096 2336 Metropot.
1118 2261 1173 2322 Nr.
1194 2261 1245 2323 92.

462 2495 498 2560 ln
520 2494 644 2561 nomine
665 2495 789 2560 Domini
811 2513 911 2560 amen.
942 2495 1093 2560 Noverint
1114 2495 1251 2560 universi
1265 2497 1457 2578 presencium
1470 2498 1616 2563 noticiam
1637 2497 1785 2579 habituri,
1807 2496 1891 2580 quod

360 2614 416 2662 nos
437 2597 685 2677 Bartholomens‚
707 2597 939 2663 archidiaconus
953 2596 1218 2663 wladislaviensis
1233 2603 1266 2663 et
1287 2598 1452 2665 canonicus
1470 2599 1661 2670 Gneznensis
1681 2599 1889 2681 ecclesianam,

359 2698 552 2782 privilegium
574 2717 648 2766 casn
670 2699 835 2780 perditum,
857 2700 940 2780 qnod
961 2699 1183 2764 Rzenczivoius
1206 2700 1358 2765 scultetus
1379 2701 1418 2766 de
1441 2701 1551 2766 minori
1574 2701 1676 2766 Gorca
1694 2718 1765 2766 cum
1785 2699 1890 2766 fratri-

359 2801 417 2866 bus
436 2802 500 2866 suis
522 2821 615 2884 snper
646 2801 794 2867 scultecia
825 2801 938 2866 ibidem
971 2801 1090 2882 habuit,
1113 2803 1272 2883 cupientes
1304 2802 1343 2868 de
1372 2821 1523 2867 consensu
1551 2801 1683 2867 fratrum
1714 2808 1890 2868 nostrornm

358 2901 498 2984 'Capituli
520 2901 711 2968 Gneznensis
733 2901 900 2967 reformare
920 2921 957 2967 ac
978 2904 1076 2967 eciam
1092 2903 1250 2984 innovare,
1274 2910 1382 2969 tenore
1400 2904 1593 2986 presencium
1608 2923 1671 2969 nna
1693 2921 1763 2969 cum
1785 2903 1891 2969 iratri-

360 3003 418 3069 bus
439 3005 555 3069 nostris
577 3004 832 3086 recognoscimus,
855 3004 1026 3086 predictam
1045 3004 1224 3069 sculteciam
1246 3004 1285 3070 de
1308 3010 1417 3070 nostra
1430 3003 1624 3088 fratrumque
1645 3011 1822 3070 nostrorum
1836 3004 1890 3071 he·

360 3105 493 3171 ruditate
515 3105 628 3171 minori
650 3105 762 3185 Gorca,
786 3124 846 3185 que
864 3105 932 3171 iure
953 3103 1226 3170 Sredensi'extitit
1252 3105 1364 3186 locata,
1391 3105 1431 3171 ad
1453 3106 1571 3172 dictum
1602 3106 1839 3173 Ruencaivoium
1858 3111 1892 3171 et

360 3224 433 3272 snos
454 3205 581 3271 heredes
603 3223 793 3271 successores
816 3206 969 3288 legitimos
991 3207 1058 3272 iure
1080 3206 1268 3272 hereditario
1296 3207 1461 3289 pertinere.
1505 3207 1638 3273 Nomine
1662 3207 1749 3274 cuius
1777 3207 1891 3273 sculte

361 3309 417 3389 cie,
440 3309 506 3391 ipse
529 3309 647 3374 eteius
668 3325 861 3373 successores
884 3314 948 3373 tres
969 3327 1093 3373 mansos
1121 3309 1244 3389 liberos,
1272 3327 1366 3374 unam
1389 3308 1560 3390 tabernam,
1593 3328 1689 3375 unum
1711 3309 1892 3376 maccellum

361 3413 450 3494 panis
472 3417 504 3476 et
524 3412 657 3477 alterum
681 3412 828 3491 carnium,
851 3418 883 3476 et
905 3412 1033 3476 tercium
1053 3412 1214 3477 denarium
1237 3410 1402 3476 cuiuslibet
1424 3411 1553 3477 indicati
1568 3412 1600 3475 in
1615 3416 1799 3495 perpetuum
1820 3429 1891 3494 pos·

361 3513 515 3578 sidebant.
544 3512 647 3578 Incole
668 3532 741 3579 veno
762 3513 898 3578 eiusdem
920 3513 992 3579 ville
1014 3514 1142 3579 minoris
1164 3513 1259 3593 Gora,
1282 3512 1321 3579 de
1343 3510 1482 3595 quolibet
1496 3530 1603 3578 manso
1626 3513 1811 3579 maldratam
1833 3512 1892 3578 tri·

361 3615 451 3698 plicis
472 3634 602 3696 annone,
622 3615 742 3681 scilicet
763 3615 899 3681 modium
914 3616 1020 3696 tritici,
1044 3617 1181 3681 modium
1195 3615 1326 3698 siliginis
1345 3621 1379 3681 et
1399 3615 1534 3680 modium
1555 3633 1661 3695 avene,
1684 3619 1718 3680 et
1737 3613 1890 3680 fertonem

361 3717 557 3783 denariorum
579 3718 611 3782 in
639 3716 719 3782 festo
752 3716 836 3782 beati
866 3717 994 3782 Martini
1018 3717 1147 3800 singulis
1179 3717 1269 3782 annis
1291 3716 1411 3781 solvere
1439 3715 1636 3781 tenebuntur.
1681 3716 1724 3780 Et
1744 3716 1890 3798 quoniam

360 3819 430 3886 iura
452 3818 610 3884 Sredensis
633 3819 769 3885 civitatis
790 3825 864 3884 sunt
885 3818 974 3884 nobis
996 3819 1120 3901 penitus
1151 3818 1317 3900 incognita,
1351 3819 1406 3883 illa
1429 3818 1532 3883 omnia
1551 3836 1612 3899 que
1644 3816 1837 3883 commodum
1859 3821 1892 3882 et

361 3921 531 3986 utilitatem
553 3921 747 3986 dominorum
767 3921 945 4003 respiciunt,
968 3922 1055 3986 salva
1076 3921 1164 3987 nobis
1187 3925 1220 3985 et
1241 3921 1363 4002 integra
1385 3937 1586 3985 reservamus.
1631 3918 1667 3985 In
1689 3937 1820 4000 quornm
1844 3924 1889 3983 te-

361 4022 539 4089 stimoninm
561 4030 599 4088 ct
615 4022 803 4089 evidenciam
825 4023 994 4106 pleniorem
1017 4022 1096 4088 etin
1118 4022 1240 4104 signum
1258 4036 1436 4102 consensus,
1455 4019 1639 4086 venerabilis
1660 4021 1760 4103 patris
1773 4019 1890 4086 domini

361 4125 460 4189 nostri
481 4124 598 4190 domini
618 4124 763 4207 lanislay,
786 4123 890 4189 divina
912 4129 944 4189 et
962 4124 1131 4207 apostolice
1153 4123 1242 4189 Sedis
1264 4123 1460 4205 providencia
1481 4122 1673 4189 Gneznensis
1688 4120 1818 4188 ecclesie
1840 4138 1891 4187 ar·

362 4225 556 4308 chiepisoopi‚
577 4245 614 4291 ac
635 4225 772 4308 Capituli
795 4225 932 4291 eiusdem
951 4224 1144 4291 Gneznensis
1166 4226 1294 4291 ecclesie
1316 4244 1456 4291 necnon
1478 4230 1586 4290 nostro
1601 4223 1773 4306 sigillorum
1795 4222 1890 4305 apici·

361 4329 419 4394 bns
441 4333 599 4410 presentes
621 4328 744 4393 litteras
765 4325 892 4393 fecimus
924 4327 1115 4392 communiri.
1159 4328 1273 4393 Actum
1304 4334 1337 4393 et
1365 4327 1470 4392 datum
1498 4327 1624 4392 Gnczne
1645 4324 1707 4390 VII
1735 4323 1891 4390 Kalendas

361 4430 445 4512 May,
466 4449 547 4495 anno
569 4429 694 4495 Domini
723 4429 886 4495 millesimo
917 4428 1005 4494 CCC.
1029 4430 1173 4494 vicesimo
1196 4430 1337 4512 septimo,
1368 4428 1562 4511 presentibus
1583 4427 1731 4494 dominis:
1766 4425 1892 4491 Andrea

361 4532 527 4615 preposito,
550 4531 679 4597 Nicolao
700 4531 826 4610 decano,
842 4530 1006 4595 Vincentio
1028 4529 1256 4610 archidiacono,
1276 4529 1393 4595 Ywano
1409 4535 1544 4610 cantore,
1566 4527 1742 4593 Thomislao
1763 4526 1892 4593 custode

361 4641 394 4701 et
414 4635 508 4700 Petro
537 4634 728 4714 cancellario,
751 4633 879 4717 prelatis
907 4632 1046 4715 predicte
1073 4632 1264 4698 Gneznensis
1293 4631 1429 4711 ecclesie,
1459 4648 1496 4695 ac
1516 4630 1624 4695 multis
1645 4629 1715 4695 aliis
1737 4628 1892 4695 canonicis

362 4736 498 4801 eiusdem
520 4736 647 4803 ecclesie
669 4736 701 4800 in
724 4734 870 4817 Capitulo
892 4734 1096 4817 congregatis.

465 4973 741 5053 wladislaviensis
761 4978 797 5037 dc
825 4977 1017 5038 Wtoctarocl.
1063 4971 1167 5038 Minor
1191 4970 1304 5052 Gorca,
1332 4971 1432 5036 dorici.
1477 4967 1647 5050 Sredensis‚
1669 4972 1706 5034 dc
1732 4951 1831 5033 trodo
1851 4986 1893 5032 no

365 5080 503 5161 Szlqzlru,
525 5097 543 5138 z
565 5081 729 5139 nicmicclca
753 5080 925 5139 Ncumarltt.
