4675 7067
1785 834 1855 907 iil

337 1034 427 1103 hbito
443 1034 574 1102 ffiunm
594 1033 779 1103 contuimus
799 1033 989 1104 incultam.
1033 1033 1083 1102 Ne
1102 1039 1208 1102 antam
1228 1035 1321 1103 huius
1346 1033 1590 1105 confirmacionis
1608 1037 1657 1106 vel
1677 1035 1859 1106 donacionis

338 1145 445 1207 nosne
463 1139 569 1223 gracia
588 1159 645 1224 per
666 1141 802 1223 aliquem
822 1139 976 1207 malitiose
995 1157 1075 1205 ausu
1088 1140 1253 1207 emeseno
1269 1141 1373 1208 valent
1385 1139 1537 1224 impediri,
1558 1159 1684 1225 presens
1698 1142 1858 1226 scriptum,

338 1242 881 1326 nobismandentc(sic)confsotum,
897 1240 1278 1324 nostrisigillimunimine
1288 1242 1415 1310 fecimus
1426 1243 1600 1326 oonsigniri.
1622 1245 1703 1311 Acta
1716 1249 1790 1311 sunt
1802 1245 1860 1312 hnc

337 1347 371 1412 in
391 1350 494 1414 castro
513 1345 669 1429 Stolpemi
694 1344 889 1428 pmendbus
909 1344 970 1409 hiis
988 1344 1137 1411 testibus:
1168 1347 1281 1412 oomite
1302 1346 1422 1415 Sveuna
1442 1346 1581 1431 palatino
1602 1346 1786 1428 Godanensi,
1807 1365 1859 1414 co·

337 1450 415 1516 mite
442 1448 613 1515 Iammcio
643 1448 812 1515 castellano
841 1447 1012 1531 Stolpensi,
1045 1449 1157 1514 comite
1184 1449 1308 1533 Bogusn
1338 1437 1439 1516 iudice
1465 1449 1717 1531 Pomeranornm,
1748 1449 1861 1518 comita

337 1551 484 1635 Moemgn
494 1549 568 1635 (sic)
579 1551 805 1619 subcamerario
819 1550 984 1634 Stolpensi,
1001 1551 1112 1616 comite
1126 1550 1248 1618 Mathis
1262 1552 1430 1620 castellano
1445 1552 1484 1620 de
1497 1551 1620 1633 Slnvna,
1641 1557 1675 1620 et
1684 1552 1754 1620 aliis
1767 1571 1861 1637 quam

337 1654 478 1739 plurimis
498 1653 573 1719 viris
593 1652 711 1721 idoneis
729 1674 766 1721 nc
787 1654 847 1721 hde
865 1654 974 1737 dignis.
1018 1653 1136 1719 Datum
1151 1653 1265 1750 ibidem
1280 1674 1360 1722 anno
1374 1654 1601 1723 lncarnncionis
1615 1654 1739 1723 Domini
1751 1653 1860 1723 MEO.

337 1758 534 1842 nonagesimo
554 1762 673 1839 ochsn,
694 1758 727 1823 in
748 1762 859 1825 octava
878 1756 1088 1840 apostolorum
1109 1756 1195 1823 Petri
1217 1763 1251 1825 et
1270 1757 1369 1824 Pauli.

438 1962 584 2047 whom,
616 1966 730 2046 nenas
774 1963 873 2047 scorp,
902 1968 1026 2043 stapsi.
1070 1925 1228 2046 ¹reive-un,
1257 1970 1308 2030 nse
1334 1969 1533 2044 nemnem
1564 1971 1644 2030 mose
1668 1964 1864 2044 mujsmoet

336 2069 399 2129 und
418 2087 465 2131 rz.
491 2071 585 2149 Repu,
602 2067 692 2132 litora
705 2072 783 2146 sistro
804 2068 947 2134 clausura
968 2073 1086 2131 costula
1107 2073 1232 2156 manau
1253 2072 1441 2133 lineatororoi
1457 2089 1538 2148 przy
1554 2067 1734 2146 permotae
1749 2071 1863 2147 sandu-

337 2173 393 2248 cyi.
436 2167 581 2252 Vlincho,
611 2174 751 2236 Μῶν.
802 2170 958 2254 Moeusga,
982 2192 1009 2233 u>
1034 2173 1113 2235 ers
1144 2174 1207 2235 715
1239 2170 1373 2254 Minzga.
1417 2169 1541 2253 Slavna,
1572 2174 1703 2247 scamno,
1731 2192 1750 2234 z
1775 2175 1861 2238 mm.

338 2275 480 2337 amane.

988 2572 1060 2655 Nr.
1095 2563 1193 2655 791.

436 2766 626 2852 Boloslnns
652 2769 728 2849 dux
754 2767 920 2851 limeris
947 2772 1012 2853 etc
1038 2770 1181 2849 1298
1207 2767 1305 2870 hug.
1322 2772 1515 2866 16-21,
1540 2769 1582 2850 in
1599 2768 1867 2881 Plocnh3ndu17

335 2895 389 2975 get
408 2890 647 2974 archiepiscopis
665 2888 898 2956 Gneznensibus
919 2892 952 2955 in
974 2890 1154 2956 castellania
1175 2889 1214 2955 de
1236 2888 1358 2955 lession
1380 2889 1429 2956 ius
1451 2888 1582 2956 cudendi
1608 2893 1776 2971 monetam,
1795 2909 1865 2957 cum

335 2999 459 3063 moneta
479 2993 618 3060 Plooensi
640 2994 742 3075 quoad
763 2992 899 3058 valorem
925 2992 1049 3076 quidem
1076 2995 1306 3074 congruentem,
1337 2992 1392 3058 sed
1418 2992 1517 3059 forma
1541 2991 1582 3058 ab
1603 3012 1641 3058 ea
1661 2991 1879 3099 differentem·

443 3099 578 3161 &uento
622 3100 737 3160 Archiv.
763 3099 891 3174 Capituli
916 3099 1075 3174 Metropol.
1102 3098 1164 3162 Lib.
1186 3100 1284 3174 print.
1300 3099 1337 3159 X
1340 3097 1368 3157 V
1376 3115 1432 3160 sec.
1445 3100 1499 3174 fol.
1517 3099 1536 3158 1
1553 3117 1576 3158 u.
1596 3095 1690 3180 (ensr.
1706 3098 1760 3161 Nr.
1775 3096 1863 3182 565).

436 3302 618 3370 innomine
641 3301 767 3367 Domini
790 3319 889 3367 amen.
935 3301 983 3368 Ne
1003 3300 1135 3368 decursu
1160 3301 1210 3367 vel
1239 3301 1466 3385 longinquitate
1490 3306 1676 3384 temporum,
1704 3305 1864 3385 gesturum

335 3407 430 3475 serim
451 3405 641 3486 obscuretur,
672 3405 847 3488 sapientum
868 3405 973 3470 sanxit
992 3405 1174 3486 auctoritas,
1201 3410 1291 3488 geste
1310 3405 1488 3471 mortalium
1507 3404 1603 3487 digna
1620 3403 1770 3471 memoria
1789 3406 1865 3472 scri·

335 3514 427 3594 ptura
447 3508 624 3575 testimonio
645 3511 839 3590 posterorum
862 3506 976 3573 noncie
999 3507 1222 3574 commendare.
1266 3506 1343 3574 Inde
1365 3512 1415 3574 est
1435 3508 1519 3591 quod
1539 3527 1596 3574 nos
1610 3508 1781 3590 Boleslaus,
1804 3508 1864 3575 Dei

334 3614 439 3697 macie
460 3611 523 3677 dux
543 3611 682 3677 Mazovie
703 3616 737 3676 et
756 3610 899 3677 dominus
922 3610 1103 3693 syracusis,
1130 3612 1172 3678 nd
1193 3616 1375 3694 perpetuam
1397 3612 1443 3678 rei
1461 3611 1643 3678 memoriam
1663 3616 1772 3677 notum
1790 3609 1865 3679 inci·

335 3736 404 3785 mus
424 3715 576 3782 universis
596 3713 791 3797 presentibus
811 3718 845 3779 et
865 3712 980 3779 futuris
1002 3718 1163 3797 presentes
1185 3714 1307 3779 litteras
1325 3715 1520 3797 inspecturis,
1544 3714 1627 3798 quod
1649 3714 1724 3781 licet
1737 3714 1867 3780 ecclesia

335 3818 525 3886 Gneznensis
547 3817 757 3883 castellaniam
778 3817 987 3897 Loricensem,
1011 3817 1106 3882 sitam
1127 3818 1159 3882 in
1175 3816 1310 3882 dominio
1326 3822 1442 3897 nostro,
1465 3835 1535 3882 cnm
1550 3816 1642 3899 pleno
1657 3816 1724 3882 iure
1738 3815 1866 3883 dominii

335 3922 474 3989 obtinere
495 3918 650 4002 noscatur,
672 3938 729 3985 nos
751 3925 856 3986 tamen
877 3918 918 3984 ad
939 3918 1102 4000 cautelam,
1123 3919 1177 4002 pia
1190 3919 1421 4002 progenitorum
1442 3924 1619 3984 nostrorum
1634 3923 1799 3999 sequentes
1813 3937 1865 3984 ue-

335 4025 429 4108 stigia
457 4028 490 4090 et
510 4022 722 4089 Gnennensem
743 4022 954 4104 amplexantes
974 4020 1110 4086 brachiis
1129 4020 1276 4087 filialibus
1298 4021 1468 4101 ecclesiam,
1494 4019 1678 4085 indulsimus
1696 4017 1864 4086 venerabili

334 4128 417 4211 patri
435 4131 469 4193 et
488 4125 640 4208 compatri
660 4131 767 4190 nosno
788 4123 911 4191 domino
933 4122 1043 4190 Iaoobo
1059 4124 1203 4206 secundo,
1231 4129 1338 4190 sancte
1358 4123 1497 4207 predicte
1515 4122 1706 4190 Gneznensis
1727 4121 1855 4189 ecclesie

334 4229 572 4313 archiepiscopo,
598 4246 635 4293 nc
656 4227 722 4293 eius
750 4225 975 4293 successoribus
1004 4231 1153 4308 perpetuo
1176 4226 1378 4310 indulgemus,
1405 4232 1442 4292 ut
1462 4226 1625 4309 specialem
1644 4229 1800 4292 monetam
1820 4224 1853 4290 in

333 4332 425 4418 opido
446 4351 502 4398 suo
524 4336 557 4398 et
578 4330 759 4397 wtellania
778 4329 941 4396 Loricensi
959 4328 1099 4412 predicte
1120 4318 1230 4396 cudere
1252 4334 1285 4396 et
1305 4329 1420 4396 habere
1441 4329 1554 4410 vdent,
1577 4346 1647 4394 cum
1661 4332 1770 4394 nostra
1782 4326 1853 4393 Plo-

334 4436 417 4504 censi
438 4438 562 4502 moneta
582 4435 615 4499 in
635 4433 740 4499 valore
761 4437 794 4499 et
814 4432 948 4515 pondere
969 4437 1002 4498 et
1022 4432 1055 4496 in
1073 4450 1202 4497 numero
1217 4437 1458 4512 concurrentem,
1477 4430 1509 4496 in
1524 4430 1623 4497 forma
1637 4429 1854 4496 nichilominus

333 4538 535 4606 differentem.
578 4537 694 4603 Datum
721 4536 754 4600 in
783 4534 898 4601 Plocnk
924 4533 1005 4599 inira
1028 4537 1154 4599 octavas
1177 4534 1409 4617 Assumpcionis
1436 4532 1573 4616 Virginis
1601 4532 1744 4616 gloriose,
1775 4549 1856 4599 anno

335 4642 458 4708 Domini
488 4639 664 4707 M.GC.XC.
684 4644 801 4705 octavo.
845 4637 882 4702 In
901 4636 988 4703 cuius
1006 4636 1051 4702 rei
1074 4635 1295 4718 testimonium,
1321 4641 1482 4720 presentes
1503 4634 1571 4701 fieri
1591 4634 1805 4702 mandavimus
1825 4639 1858 4701 et

334 4744 427 4828 sigilli
449 4742 639 4811 celsitudinis
660 4747 766 4808 nostre
784 4739 973 4824 appensione
993 4738 1104 4804 vallari
1127 4739 1325 4821 presentibus
1346 4740 1403 4822 hys
1417 4739 1534 4804 nostris
1549 4737 1732 4805 baronibus:
1752 4736 1865 4804 Gsdlsa

333 4846 481 4930 palatino,
499 4845 683 4930 Grothkope
704 4843 813 4924 iudice,
835 4841 946 4908 Iacobo
970 4840 1031 4907 alio
1055 4840 1167 4922 iudice,
1190 4840 1265 4906 Vito
1286 4840 1434 4924 dnpiiero,
1459 4840 1590 4907 Zemate
1604 4839 1781 4921 castehnno,
1803 4839 1863 4905 Be·

334 4949 404 5016 nico
425 4947 662 5029 subcamerario,
684 4953 717 5014 et
738 4946 809 5012 aliis
829 4944 891 5012 fide
911 4944 1022 5028 dignis.

441 5152 617 5239 Cymensis,
639 5158 676 5218 de
701 5156 817 5219 Czerelc.
