4675 7067
567 824 641 902 488

566 1030 695 1115 singulis
716 1029 843 1111 iuribus
865 1028 1027 1110 fructibus,
1048 1027 1239 1096 utilitatibus
1260 1032 1294 1094 et
1317 1027 1517 1111 pertinenciis
1543 1027 1617 1111 suis,
1648 1048 1709 1112 que
1735 1047 1817 1096 nunc
1846 1035 1921 1098 sunt
1945 1026 1996 1098 rel
2024 1048 2097 1099 esse

567 1132 767 1216 poteruntin
788 1131 937 1197 futurum.
982 1132 1131 1197 Veientes
1152 1136 1187 1196 et
1207 1136 1316 1196 tenore
1337 1132 1530 1214 presencium
1556 1132 1765 1213 decernentes,
1794 1133 1877 1215 quod
1902 1135 1968 1217 ipse
1993 1135 2097 1200 domi-

565 1253 625 1300 nus
648 1235 809 1317 episeopus
830 1239 864 1299 et
881 1233 1012 1299 eeclesia
1033 1232 1307 1317 Wladyslariensis
1329 1251 1394 1313 sue,
1413 1235 1519 1299 omnia
1531 1239 1565 1298 et
1578 1233 1700 1315 singula
1714 1234 1863 1316 predicto,
1885 1253 1941 1317 per
1961 1253 2019 1301 nos
2033 1234 2097 1301 sibi

564 1335 641 1402 date
660 1341 694 1402 et
712 1336 872 1418 assignata
892 1334 984 1400 modo
1006 1334 1154 1417 predicto,
1176 1351 1233 1399 nos
1254 1351 1377 1416 quoque
1397 1339 1431 1400 et
1450 1335 1672 1400 monasterium
1686 1340 1828 1402 nostrum
1841 1354 1879 1402 ac
1892 1337 2023 1404 ecelesia
2037 1356 2095 1403 no-

564 1442 633 1502 stra
652 1436 835 1520 Lyndensis,
856 1436 1000 1502 simibter
1021 1436 1163 1501 universa
1184 1441 1218 1501 et
1237 1436 1358 1517 singula
1379 1436 1541 1519 prelibata,
1549 1512 1552 1516 Δ
1561 1455 1618 1518 per
1639 1437 1740 1518 ipsum
1760 1437 1850 1504 nobis
1864 1437 1982 1505 hadita
1994 1445 2029 1505 et
2042 1457 2096 1505 as-

564 1537 697 1621 signata,
719 1536 885 1604 debeamus
906 1537 1041 1604 vicissim
1062 1537 1129 1603 iure
1143 1536 1331 1603 hereditario
1345 1543 1494 1621 perpetuo
1508 1538 1675 1622 possidere,
1698 1539 1920 1622 temporalibus
1940 1559 1998 1623 pro
2013 1546 2095 1609 tem·

566 1640 733 1723 poralibus,
759 1645 793 1705 et
818 1639 1031 1722 spiritualibus
1054 1657 1111 1720 pro
1139 1638 1353 1721 spiritualibus
1381 1639 1427 1704 sic
1455 1639 1602 1706 canonice
1635 1641 1829 1722 permutatis.
1878 1642 2096 1710 Pnomittimus

566 1741 702 1824 iusuper,
723 1740 847 1806 nomine
867 1740 1045 1806 monasterii
1066 1744 1099 1804 et
1119 1738 1247 1805 ecclesie
1268 1746 1383 1818 nostre,
1410 1758 1466 1822 pro
1491 1740 1580 1807 nobis
1601 1745 1634 1805 et
1655 1740 1883 1809 successoribus
1909 1744 2026 1811 nostris
2047 1745 2094 1810 ei-

565 1842 636 1909 dem
659 1842 783 1908 domino
804 1842 947 1925 episcopo
970 1846 1004 1906 et
1025 1841 1153 1906 ecclesie
1174 1858 1211 1906 aa
1229 1841 1457 1906 successoribus
1483 1842 1581 1924 ipsius
1610 1842 1649 1907 de
1676 1842 1828 1910 evictione
1853 1843 1992 1927 predicte
2011 1845 2087 1911 ville

566 1944 654 2027 lang
673 1962 710 2009 ac
730 1949 849 2027 septem
870 1943 1093 2008 muldratarum
1116 1941 1349 2024 prelibatorum,
1372 1946 1417 2022 ut,
1439 1942 1466 2007 si
1489 1943 1641 2025 quispiam
1662 1962 1731 2009 earn
1752 1945 1801 2009 vel
1822 1963 1875 2011 eas
1896 1947 2091 2028 inposterum

566 2046 730 2125 educeret,
751 2063 809 2110 nos
830 2050 863 2109 et
883 2043 1105 2109 monasterium
1126 2060 1163 2107 ac
1185 2042 1317 2109 molesia
1337 2049 1445 2109 nostra
1466 2049 1499 2109 et
1522 2063 1714 2112 successores
1743 2048 1844 2113 nostri
1865 2048 1905 2113 ad
1926 2066 2096 2132 reconpen-

565 2165 632 2214 aam
652 2147 832 2227 evicturum,
854 2165 894 2211 ex
914 2150 1006 2228 pacto
1028 2145 1111 2210 inter
1128 2162 1185 2209 nos
1212 2142 1330 2225 habito,
1361 2143 1548 2211 tenebuntur
1568 2146 1652 2230 (sic).
1696 2147 1733 2212 In
1761 2148 1850 2213 cuius
1877 2149 1924 2215 rei
1950 2151 2094 2217 testimo

565 2248 661 2330 nium,
682 2253 842 2332 presentes
865 2246 987 2312 litteras
1006 2246 1106 2311 eidem
1126 2245 1251 2310 domino
1272 2246 1414 2328 episcopo
1433 2246 1583 2328 dedimus,
1612 2253 1720 2314 nostru
1742 2255 1775 2315 et
1795 2249 1895 2316 nostri
1924 2256 2096 2317 conventus

565 2350 736 2433 sigillorum
763 2349 932 2413 munimine
953 2346 1124 2412 roboratas.
1168 2345 1284 2411 Datum
1306 2346 1339 2410 in
1358 2346 1469 2429 Lynda
1495 2350 1682 2416 monasterio
1711 2356 1828 2431 nostro,
1858 2357 1945 2417 sexto
1972 2352 2095 2418 decimo

566 2451 723 2517 Kalendas
744 2451 859 2516 mensis
879 2448 970 2528 Iunii,
993 2465 1074 2513 auno
1098 2448 1222 2512 Domini
1242 2447 1405 2513 millesimo
1425 2451 1642 2516 trecentesimo
1664 2453 1819 2518 tricesimo
1840 2457 1938 2533 serto,
1967 2471 2096 2535 presen-

566 2553 651 2620 tibus
668 2550 900 2619 honorabilibus
914 2555 948 2616 et
961 2549 1104 2615 discretis
1119 2549 1209 2614 viris:
1232 2548 1364 2614 dominis
1379 2549 1517 2616 Iohanne
1535 2551 1651 2617 decano
1665 2552 1932 2635 Wledysloviensi,
1955 2553 2095 2620 larosluo

566 2656 732 2738 preposito,
754 2654 895 2718 Borislao
916 2651 1088 2729 scolastico,
1111 2651 1254 2733 Truyano
1278 2656 1414 2732 cantore,
1444 2651 1626 2718 Sandcbone
1653 2655 1780 2719 custode
1809 2653 2031 2735 Crrrsticieusis,
2060 2661 2095 2721 et

565 2755 705 2836 Nicoluo,
727 2755 882 2820 canonicis
897 2751 1171 2835 Wladyslaviensis
1185 2752 1400 2831 ecclesiarum3
1421 2753 1497 2819 item
1519 2753 1667 2820 fratribus
1682 2757 1813 2821 nostris:
1836 2756 1965 2822 biberto
1979 2757 2094 2839 priore,

565 2857 702 2924 Iohanne
724 2858 893 2940 subpriore,
916 2855 1046 2920 Nicolao
1068 2854 1227 2934 celeraria,
1251 2853 1389 2919 nmoldo
1411 2855 1559 2936 portario,
1583 2861 1616 2921 et
1636 2857 1707 2921 aliis
1726 2857 1867 2940 pluribus
1898 2858 1998 2923 nostri
2020 2876 2095 2923 eon-

566 2966 686 3026 ventus.
730 2960 790 3025 Per
811 2959 870 3024 hoc
891 2963 996 3023 autem
1018 2957 1271 3034 instrumentum,
1293 2957 1408 3021 litteris
1430 2957 1532 3038 sigillo
1554 2960 1708 3024 communi
1729 2959 1852 3026 abbatis
1872 2967 1905 3025 et
1924 2967 2095 3026 conventus

564 3062 692 3127 ecclesie
713 3060 886 3144 Lyndensis
906 3058 1059 3140 sigillatis
1082 3076 1138 3139 per
1158 3075 1215 3121 nos
1238 3056 1434 3123 abbatemet
1455 3066 1639 3125 conventum
1666 3061 1820 3143 predictos
1850 3061 1970 3144 prefato
2000 3080 2095 3128 rene-

564 3161 655 3229 rabili
676 3163 709 3227 in
732 3161 859 3227 Christo
876 3161 960 3242 patri
981 3159 1105 3224 domino
1124 3157 1254 3237 Mathia,
1274 3158 1417 3240 episcopo
1439 3159 1706 3243 Wladyslaviensi,
1728 3169 1760 3227 et
1782 3163 1908 3228 ecclesie
1923 3164 2020 3246 ipsius
2034 3164 2095 3229 sub

564 3284 646 3330 enno
668 3264 791 3331 Domini
813 3262 976 3328 millesimo
1004 3261 1219 3326 trecentesimo
1249 3260 1395 3325 vicesimo
1424 3266 1533 3325 octavo
1556 3261 1639 3327 datis
1668 3281 1761 3345 super
1789 3264 1896 3330 eodem
1922 3271 2094 3330 commuta·

565 3366 661 3441 cione,
683 3384 744 3448 que
765 3384 835 3430 cum
856 3362 1051 3446 presentibus
1073 3367 1147 3426 sunt
1169 3361 1306 3426 eiusdem
1326 3361 1516 3426 continencia
1537 3369 1570 3427 et
1591 3365 1716 3444 tenoris,
1739 3383 1801 3428 non
1820 3364 2008 3431 intendimus
2022 3384 2094 3448 pre-

565 3469 718 3548 iudicare3
741 3485 812 3550 ymo
833 3467 918 3548 ipsas
939 3465 1146 3548 approbantes
1168 3470 1202 3528 et
1224 3463 1441 3529 confirmantes
1463 3481 1532 3529 cum
1562 3465 1767 3530 instrumento
1795 3467 1941 3548 prasenti,
1963 3468 2094 3532 eandem

564 3571 627 3636 rim
648 3569 841 3636 decernimus
862 3566 1033 3632 habituras.

666 3772 784 3856 Lynda,
807 3776 878 3857 qu.
924 3768 1198 3849 wladislaviensis,
1222 3774 1259 3832 de
1287 3771 1475 3832 Wtoctamelc.
1520 3768 1619 3849 Lang,
1647 3772 1718 3854 Lep.
1762 3771 1902 3853 Antiqua
1924 3771 2091 3838 Wludisla-

563 3876 623 3955 via,
660 3878 844 3940 Wtoeluroclc.
897 3872 1004 3952 Cloba,
1033 3872 1157 3936 'Ktobia
1218 3871 1405 3950 Godzesovo,
1443 3874 1635 3951 Godzr'szervo,
1664 3894 1682 3934 z
1710 3876 1872 3936 niemicclcu
1907 3877 2091 3939 Gurdrcbou.

565 3976 709 4056 Cloduvu,
743 3981 898 4057 Ktoduroa,
920 3998 938 4037 z
960 3981 1046 4037 utem.
1079 3976 1207 4036 Kloduu.
1251 3972 1417 4055 Tramblty,
1451 3975 1568 4057 Trqblri.
1619 3971 1811 4055 Chosemiu0‚
1840 3979 1973 4041 Kozmr‘rr.
2016 3974 2092 4041 δῖα-
2139 4022 2142 4028 =

564 4096 690 4159 cnewo,
714 4081 864 4142 Zukrzem.

1211 4369 1281 4451 Nr.
1317 4365 1442 4451 1159.

664 4563 889 4666 Premyslius
916 4563 991 4643 dur
1017 4560 1167 4664 Syradia
1196 4566 1329 4642 1336
1354 4563 1437 4644 Iun.
1464 4567 1526 4643 10
1553 4562 1661 4663 (Aug.
1687 4564 1790 4662 rel),
1809 4563 1850 4642 in
1876 4562 2087 4667 Uuyoyorr3

563 4688 664 4749 ratam
686 4682 781 4748 babet
801 4682 1072 4747 commutationem
1086 4682 1268 4747 hereditatis
1284 4682 1431 4746 ecclesiae
1447 4680 1647 4761 Gueznensis,
1669 4682 1771 4747 dictae
1786 4682 1905 4747 Leszno
1919 4683 2089 4764 Kotowice,

564 4802 633 4849 cum
652 4783 844 4865 Grocholice,
867 4785 943 4849 villa
964 4784 1101 4849 Floriani
1124 4783 1246 4849 heredis
1264 4784 1303 4848 de
1325 4783 1470 4848 Kazudw.

667 4891 802 4965 Perpau.
831 4892 960 4965 crupta,
988 4907 1010 4947 u
1037 4885 1159 4963 lctdreqo
1180 4908 1206 4947 ru
1228 4890 1353 4965 deinum,
1383 4891 1558 4964 zatotonpm
1584 4889 1693 4964 brzepu
1711 4906 1816 4964 pusmo
1843 4893 1906 4950 niet
1919 4890 2084 4967 jeracon,

563 4991 710 5069 uictimis,
730 5009 825 5067 prm
846 4992 912 5050 uec
933 4994 1052 5073 matema
1070 4994 1299 5066 przemlcczorre.
1338 4992 1473 5072 Ptcczfcr'
1493 4995 1543 5051 nic
1563 5008 1659 5063 mesu
1679 4995 1774 5066 ptamo
1787 5010 1814 5049 rr
1827 4994 1911 5051 mictu
1932 4994 2090 5067 miejrcuch

561 5096 745 5153 miozczone.

670 5195 808 5255 Gniezrto.
852 5194 970 5255 Archiv.
996 5195 1127 5268 Capituli
1151 5192 1475 5267 MetropoI.Nr.106.

662 5391 699 5456 ln
720 5392 843 5457 nomine
865 5392 987 5456 Domini
1010 5410 1110 5457 amen.
1153 5392 1220 5456 Nos
1242 5391 1430 5475 Premyslius
1453 5392 1512 5457 Dei
1532 5394 1637 5474 gracia
1662 5393 1725 5458 dux
1755 5391 1884 5476 Syrudie
1912 5393 2089 5460 notum'ia-

561 5494 658 5559 cimus
679 5493 841 5573 universis,
864 5494 946 5575 quod
968 5493 1150 5559 venerabilis
1172 5500 1262 5576 pater
1283 5500 1390 5558 noster
1408 5493 1549 5558 dommus
1575 5495 1736 5576 lanistam,
1767 5496 1871 5560 diviua
1891 5495 2090 5578 providencia

560 5602 666 5662 sancte
687 5594 878 5661 Gneruensis
899 5596 1026 5661 ecclesie
1047 5596 1305 5679 archiepiscopus,
1328 5602 1361 5661 et
1382 5597 1546 5661 Florianus
1568 5597 1657 5662 heres
1678 5597 1716 5661 de
1738 5596 1894 5677 Karnovo,
1916 5603 2023 5664 noster
2044 5598 2090 5664 la-

560 5699 673 5781 mulus,
692 5697 782 5763 villas
801 5697 1015 5782 infrascriptae
1030 5700 1137 5765 taliter
1151 5717 1208 5782 pro
1223 5701 1384 5780 utriusque
1398 5698 1557 5763 commodo
1573 5704 1850 5764 commutaverunt.
1884 5699 2015 5782 Recepit
2028 5700 2089 5765 ite·
