4675 7067
1856 833 1934 935 591'

408 1048 522 1135 pellere
543 1052 658 1135 poterit
678 1050 717 1137 ad
740 1052 856 1119 curiam
878 1058 1015 1120 nostram
1035 1056 1133 1138 magis
1157 1054 1288 1122 vicinam
1311 1056 1433 1123 easdem
1461 1058 1620 1125 nobiscum
1649 1079 1705 1143 per
1726 1059 1861 1127 medinm
1882 1062 1928 1127 di·

406 1154 543 1235 visurus;
564 1156 609 1221 ita
631 1159 743 1235 tamen
766 1157 847 1239 qnod
876 1157 1049 1239 ubicunque
1077 1159 1232 1240 predictos
1254 1178 1363 1242 porcos
1384 1161 1468 1226 intra
1497 1180 1569 1226 suos
1596 1162 1711 1228 limites
1734 1165 1926 1244 mactaverit,

407 1257 527 1339 signum
549 1258 582 1322 in
603 1257 713 1324 arbore
733 1258 835 1324 lacere
857 1265 1007 1325 tencatur.
1042 1261 1085 1325 Et
1113 1261 1139 1325 si
1163 1280 1236 1344 pars
1264 1263 1393 1329 adversa
1414 1263 1560 1329 damnum
1586 1264 1699 1331 ibidem
1720 1266 1841 1332 illatum
1864 1284 1931 1332 esse

406 1361 574 1442 negaverit,
598 1367 671 1427 ωηο
693 1361 901 1444 impignorans
924 1367 1048 1428 tenetur
1069 1363 1190 1445 signum
1212 1365 1245 1429 in
1267 1365 1376 1431 arbore
1398 1366 1529 1431 incisum
1550 1366 1709 1433 etiactum
1731 1368 1877 1435 exhibere
1899 1374 1931 1435 et

408 1463 474 1528 hoc
486 1464 612 1546 proprio
634 1482 690 1528 suo
708 1465 881 1530 iuramento
903 1464 1035 1545 firmare,
1057 1466 1202 1531 videlicet
1222 1466 1335 1532 ibidem
1357 1486 1467 1551 porcos
1488 1486 1555 1534 esse
1573 1469 1724 1536 inventos.

407 1565 551 1632 XXXIV.
595 1571 640 1631 ne
659 1575 724 1648 illu,
745 1573 796 1646 piri
813 1588 921 1646 porcos
939 1575 1038 1647 pretio
1059 1575 1102 1631 od
1117 1576 1218 1632 silocm
1240 1571 1417 1635 conducam.
1678 1585 1680 1589 ’

510 1668 698 1735 Statuimus:
722 1670 805 1752 quod
819 1670 942 1752 quando
964 1671 1077 1752 aliquis
1093 1671 1210 1737 habens
1232 1672 1340 1738 silvam
1355 1672 1403 1739 vel
1419 1673 1597 1739 maricama
1616 1692 1649 1739 se
1664 1675 1840 1755 distantem,
1860 1695 1931 1758 por·

408 1789 459 1836 cos
481 1790 554 1838 suos
576 1773 625 1837 vel
653 1773 799 1857 scrophas
827 1791 883 1856 per
912 1773 993 1838 bona
1018 1775 1146 1839 alterius
1177 1775 1362 1840 intermedia
1390 1780 1422 1840 et
1450 1775 1551 1840 vicina
1581 1777 1714 1843 voluerit
1742 1778 1854 1844 ducere
1876 1797 1931 1845 sen

406 1873 521 1956 pellere
541 1875 582 1940 ad
602 1875 730 1942 eandem
746 1875 863 1955 silvam,
886 1875 918 1939 id
937 1874 1037 1941 facere
1050 1894 1111 1941 ηοη
1132 1878 1248 1959 poterit
1269 1897 1324 1960 per
1345 1878 1426 1944 bona
1441 1879 1579 1958 altanus,
1602 1880 1660 1945 nisi
1683 1899 1739 1962 per
1766 1882 1846 1947 viam
1869 1900 1929 1963 que

406 1975 492 2041 ducit
513 1976 553 2041 ad
575 1978 682 2044 silvam
704 1997 808 2057 suam;
832 1985 864 2043 et
885 1977 966 2043 idem
985 1979 1115 2045 dicimus
1138 1998 1206 2046 esse
1226 2000 1282 2063 per
1305 1980 1409 2046 omnia
1431 1981 1654 2047 observandum
1669 1982 1707 2048 dc
1730 2001 1775 2062 eo,
1798 1983 1852 2066 qui
1873 2002 1929 2066 pro

405 2078 470 2143 suis
492 2079 632 2162 scrophis
653 2080 701 2145 vel
724 2081 825 2163 porcis
847 2098 902 2162 pro
925 2081 1024 2162 pretio
1046 2082 1227 2147 conduxerit
1249 2083 1358 2148 silvam
1377 2083 1540 2166 glandibus
1555 2080 1761 2151 abundantem
1771 2085 1820 2151 vel
1842 2085 1930 2168 Iagis,

406 2185 438 2244 et
461 2179 542 2246 bona
563 2182 691 2247 alterius
712 2188 785 2248 sunt
806 2183 988 2248 intermedia
1016 2185 1098 2249 inter
1118 2184 1228 2250 silvam
1249 2185 1424 2251 huiusmodi
1450 2185 1497 2250 vel
1520 2187 1673 2252 maricam.
1717 2188 1749 2253 Is
1771 2205 1852 2270 ergo,
1875 2206 1931 2270 per

406 2282 493 2347 cuins
516 2283 596 2349 bona
618 2285 749 2367 pecudes
770 2275 945 2351 huiusmodi
967 2285 1081 2351 domini
1100 2287 1213 2353 merice
1226 2288 1273 2353 vel
1295 2288 1370 2353 silve
1392 2289 1587 2354 conductoris
1608 2289 1682 2371 pelli
1703 2289 1869 2371 debebunt,
1892 2309 1931 2355 ex
1995 2313 1997 2317 ¹

406 2389 539 2467 utraque
557 2392 647 2468 parte
669 2388 717 2452 vie
740 2387 781 2452 ad
802 2388 932 2470 triginta
951 2388 1041 2452 ulnas
1068 2388 1196 2470 glandes
1218 2390 1358 2472 proprias
1384 2391 1469 2471 prius
1490 2392 1614 2474 colligat
1641 2411 1696 2457 seu
1717 2392 1872 2475 depascat,
1895 2397 1932 2457 nt

406 2487 450 2552 sic
472 2488 628 2570 predictus
650 2489 817 2555 conductor
848 2491 960 2556 merice
990 2490 1038 2555 vel
1068 2490 1153 2570 silve,
1177 2492 1332 2574 predictas
1355 2493 1502 2576 scrophas
1523 2495 1572 2560 vel
1604 2512 1713 2576 porcos
1735 2495 1851 2577 absque
1872 2512 1928 2559 suo

407 2589 519 2655 danim
541 2608 596 2656 seu
618 2590 736 2656 offensa
758 2593 857 2674 possit
878 2592 992 2674 pellere
1014 2593 1053 2657 ad
1076 2594 1214 2660 candem.

405 2691 533 2758 XXXV.
577 2698 622 2756 Re
642 2714 685 2774 eo,
708 2699 787 2772 quod
805 2704 894 2772 poter
914 2717 973 2759 non
994 2706 1112 2760 tenetur
1125 2703 1211 2775 serre
1232 2703 1414 2776 iniquitatem
1433 2706 1498 2780 filii,
1521 2709 1550 2763 et
1572 2720 1752 2764 econverso.

510 2794 588 2861 Cum
610 2796 688 2862 dicit
710 2796 879 2879 Scriptum,
895 2798 977 2880 quod
991 2798 1073 2864 filius
1096 2817 1157 2865 non
1172 2800 1309 2882 portabit
1324 2801 1519 2883 iniquitatem
1544 2803 1651 2885 patris,
1670 2822 1727 2869 nec
1743 2822 1760 2868 e
1776 2821 1930 2883 converso,

405 2899 473 2965 ideo
489 2900 672 2965 statuimus:
688 2902 770 2982 qnod
785 2908 874 2984 pater
895 2920 950 2984 pro
965 2921 1098 2984 nequam
1114 2902 1188 2983 filio,
1206 2910 1238 2968 et
1259 2923 1276 2969 e
1294 2923 1450 2985 converso,
1467 2905 1592 2970 minime
1606 2912 1785 2971 coerceatur
1806 2906 1855 2970 vel
1877 2925 1931 2988 pn·

405 3002 526 3080 niatur;
549 3007 581 3067 et
595 3002 676 3067 idem
690 3003 728 3067 de
746 3002 893 3068 fratribus
914 3005 1068 3086 germanis
1083 3005 1130 3070 vel
1150 3005 1383 3088 quibuscunque
1398 3009 1630 3089 consanguineis
1651 3007 1843 3074 declaramus
1865 3008 1931 3074 fore

405 3105 599 3185 servandum,
615 3105 675 3170 nisi
696 3111 786 3186 pater
806 3105 845 3170 de
867 3106 958 3188 culpa
971 3106 1037 3187 lilii,
1060 3107 1208 3172 vel-lilius
1229 3107 1268 3173 de
1282 3109 1373 3190 culpa
1387 3111 1495 3190 patris,
1515 3114 1570 3175 aut
1587 3108 1683 3175 irater
1704 3110 1743 3176 dc
1757 3112 1849 3195 culpa
1869 3111 1931 3178 fra·

406 3208 464 3272 tris
485 3207 698 3290 participando
721 3208 753 3271 in
776 3207 903 3273 crimine
924 3207 1045 3273 delatus
1067 3209 1115 3274 vel
1137 3215 1300 3276 accusatus
1321 3200 1359 3276 se
1376 3212 1530 3294 nequierit
1552 3231 1739 3295 expurgare:
1761 3215 1836 3296 quia
1856 3220 1931 3281 ωηο

405 3309 573 3374 secundum
606 3309 791 3391 exigentiam
820 3310 909 3393 culpe
937 3311 1134 3393 puniendum·
1154 3330 1223 3378 esse
1252 3312 1367 3378 crimen
1401 3314 1601 3380 decemimus.
1646 3315 1706 3381 Sed
1736 3317 1931 3383 committens

405 3412 529 3492 crimen,
552 3411 718 3477 secundum
739 3412 981 3495 magnitudinem
1004 3412 1142 3479 ciusdem
1163 3416 1350 3496 percellatur
1373 3422 1406 3482 et
1427 3417 1575 3499 puniatur
1597 3419 1629 3483 in
1652 3418 1740 3484 bonis
1762 3419 1928 3485 mobilibus

405 3515 514 3579 souin
535 3520 625 3597 parta
648 3513 829 3580 hereditatis
851 3514 910 3580 sibi
934 3516 1140 3598 contingente,
1163 3517 1251 3583 nobis
1270 3524 1303 3585 et
1322 3524 1427 3585 nostre
1449 3521 1533 3587 curie
1554 3521 1746 3604 applicanda.

406 3616 549 3683 XXXVI.
595 3622 766 3697 Sequuntur
784 3623 905 3682 ortincli
920 3638 999 3697 pene
1016 3621 1073 3687 XIV
1095 3640 1263 3683 marcorum
1287 3626 1557 3700 szyedmdzecaotb.

509 3719 699 3786 Statuimus:
721 3719 803 3802 quod
826 3721 853 3785 si
875 3722 944 3802 quis
965 3721 1003 3786 ad
1027 3722 1151 3787 domum
1173 3722 1281 3788 militis
1303 3725 1426 3789 veniens
1453 3722 1553 3808 ipsium
1575 3727 1608 3791 in
1630 3745 1756 3792 suorum
1776 3726 1932 3810 presentIa

409 3823 556 3889 occiderit
577 3843 750 3906 puerorum,
778 3843 888 3906 penam
910 3825 1159 3906 szydmdzeszcza
1183 3827 1301 3893 solvere
1334 3832 1484 3893 uocatur.
1528 3828 1665 3893 Eandem
1695 3829 1789 3894 etiam
1820 3847 1930 3911 penam

406 3925 537 4007 quilibet
557 3927 715 4007 nobilium,
738 3928 792 4008 qui
822 3932 895 3992 tunc
923 3927 1048 3992 fuemnt
1070 3946 1139 3992 cum
1163 3928 1269 3993 eodem
1297 3929 1461 4012 prebentes
1493 3930 1642 3996 auxilium
1664 3930 1704 3996 ad
1726 3931 1927 3997 occidendum

406 4027 536 4093 militem
558 4028 779 4111 supradictum,
800 4029 1071 4095 saedmdzoszanth
1085 4029 1229 4096 videlicet
1244 4031 1366 4113 iudicio,
1382 4050 1495 4114 penam
1510 4051 1582 4098 vero
1597 4051 1657 4115 que
1671 4033 1787 4100 dicitur
1799 4034 1933 4116 pyanth·

406 4148 461 4196 cza
482 4131 574 4196 occisi
596 4132 699 4213 pueris
721 4132 840 4198 solvere
868 4133 910 4197 sit
935 4133 1111 4199 adstrictus
1155 4132 1198 4198 Et
1219 4133 1276 4199 hec
1304 4152 1384 4215 pena
1413 4134 1704 4218 sayedmdzeszanth
1734 4155 1790 4219 pro
1809 4154 1846 4201 eo
1864 4137 1931 4202 sine

404 4234 515 4316 gratia,
535 4234 797 4316 nyemylosczywa
810 4236 979 4318 vulgariter
999 4237 1183 4319 appellatur,
1199 4237 1275 4319 qnia
1296 4238 1444 4320 quamdiu
1465 4237 1641 4303 huiusmodi
1662 4256 1743 4320 pena
1756 4256 1818 4303 non
1838 4236 1931 4304 fuerit

406 4338 575 4419 persoluta,
606 4337 723 4403 tamdiu
749 4337 857 4402 militis
883 4338 1062 4404 interfector
1088 4338 1321 4422 impignoretnr.
1366 4340 1402 4404 ln
1424 4341 1544 4407 casibus
1572 4341 1667 4407 etiam
1696 4339 1777 4406 infra
1805 4341 1930 4423 scriptis

405 4439 485 4506 hanc
507 4459 617 4522 penam
638 4441 812 4521 incurrerit,
837 4441 1011 4523 quicunque
1033 4441 1182 4507 exciderit
1204 4447 1267 4507 tres
1287 4442 1381 4524 gades
1403 4449 1513 4524 sectas,
1535 4444 1613 4509 alias
1636 4461 1772 4526 czyossy,
1792 4442 1842 4508 vel
1864 4460 1929 4508 cre-

405 4544 544 4622 maverit,
567 4549 599 4609 et
621 4550 685 4608 tres
706 4543 889 4608 monticulos
909 4543 1022 4624 gadum
1044 4543 1248 4625 dissipaverit.
1280 4543 1366 4623 Item,
1388 4545 1511 4626 quando
1533 4547 1602 4627 quis
1625 4551 1688 4611 tres
1709 4544 1834 4610 arbores
1856 4562 1926 4610 cum

406 4645 516 4726 apibus
534 4646 698 4711 succiderit
717 4646 765 4711 vel
787 4664 861 4728 apes
892 4664 960 4711 cum
990 4645 1080 4711 melle
1109 4645 1299 4710 subtraxerit
1330 4663 1384 4711 seu
1415 4648 1601 4728 exposuerit,
1624 4653 1657 4712 et
1678 4647 1772 4713 fuerit
1793 4647 1931 4729 legitima

405 4748 587 4831 probatione
608 4751 773 4815 convictus
817 4749 906 4827 Ιωῐη,
929 4748 1081 4813 abducens
1103 4747 1217 4813 furtive
1238 4748 1286 4813 vel
1309 4748 1403 4813 etiam
1426 4749 1577 4814 violenter
1605 4750 1666 4813 tria
1695 4748 1742 4814 vel
1771 4748 1862 4830 plura
1883 4749 1929 4813 iu·

406 4857 511 4916 menta
531 4851 690 4931 indomita,
713 4869 767 4916 sen
789 4850 844 4915 illa
854 4850 1018 4916 vulnerans
1038 4851 1085 4916 vel
1107 4852 1257 4917 occidens.
1292 4852 1381 4932 Item,
1404 4852 1526 4934 quando
1548 4851 1618 4934 quis
1639 4851 1696 4916 sub
1718 4851 1858 4916 inccndio
1881 4855 1929 4916 est

408 4954 575 5033 convictus,
598 4960 653 5018 aut
675 4953 794 5018 intrans
809 4953 914 5017 villam
935 4953 1075 5033 alicuius,
1099 4953 1246 5018 occiderit
1261 4955 1428 5018 enormiter
1450 4955 1482 5019 in
1503 4953 1619 5020 eadem.
1654 4953 1783 5033 Ultimo,
1805 4953 1928 5034 quando

407 5056 477 5138 quis
496 5056 696 5134 convincitur,
720 5055 802 5137 quod
816 5055 948 5138 spolium
970 5056 1002 5119 in
1016 5060 1117 5120 strata
1129 5055 1252 5137 publica
1266 5074 1319 5121 sen
1335 5056 1512 5121 violentiam
1528 5056 1619 5122 alicui
1636 5056 1683 5120 vel
1699 5055 1925 5121 inhonestatem

408 5159 542 5240 aliquam
566 5159 757 5223 committere
779 5176 841 5222 non
856 5159 995 5240 expavit:
1019 5164 1055 5223 nt
1073 5159 1104 5222 in
1122 5159 1261 5241 quolibet
1275 5178 1400 5224 casuum
1428 5160 1645 5241 premissorum
1660 5159 1727 5240 ipse
1748 5158 1929 5241 delinquens

408 5280 519 5343 penam
543 5259 832 5343 szedmdzcszyanth
856 5260 1030 5325 huiusmodi
1052 5259 1171 5325 solvere
1185 5261 1423 5343 constringatur.
1794 5283 1795 5288 ¹

407 5361 565 5426 XXXVII.
610 5366 655 5424 ne
676 5369 787 5440 rreoob
804 5369 894 5441 pacis
914 5384 966 5425 seu
987 5370 1066 5427 soluo
1088 5369 1235 5427 conductu
1259 5367 1368 5426 dandis
1389 5367 1426 5426 de
1449 5383 1542 5441 repon
1560 5360 1748 5441 fugientibus.

508 5464 697 5530 Statuimus:
721 5465 802 5547 quod
824 5467 849 5530 si
865 5466 976 5548 aliquis
992 5485 1094 5531 comm
1116 5467 1204 5532 nobis
1220 5468 1267 5531 vel
1290 5467 1451 5548 capitaneo
1473 5470 1579 5531 nostro
1601 5465 1639 5530 de
1654 5465 1757 5548 aliquo
1779 5465 1928 5532 maleficio

406 5573 567 5634 accusatus
589 5567 692 5649 inerit,
714 5567 796 5634 etad
818 5568 1037 5634 ostendendam
1060 5588 1146 5634 snam
1168 5570 1375 5634 innocentiam
1397 5588 1498 5634 coram
1521 5569 1609 5635 nobis
1630 5569 1677 5634 vel
1693 5569 1852 5651 capitaneo
1874 5587 1928 5634 no-

407 5677 472 5735 stro
494 5672 646 5736 admissus
668 5690 729 5736 non
750 5671 853 5750 luerit,
875 5676 907 5735 et
926 5671 965 5735 ob
988 5671 1046 5736 hoc
1066 5672 1168 5753 ipsum
1195 5671 1300 5752 lugere
1319 5671 1495 5754 contingat:
1526 5690 1564 5736 uc
1585 5670 1658 5752 luga
1680 5672 1776 5753 ipsius
1805 5671 1929 5738 iniamie

406 5775 585 5856 imputetur,
610 5773 701 5838 debet
723 5792 824 5839 coram
848 5774 1074 5839 venerabilibus
1103 5774 1234 5839 dominis
1267 5775 1410 5855 episcopo
1443 5774 1645 5839 Poananiensi
1676 5780 1731 5838 aut
1760 5776 1928 5858 preposito,
