4675 7067
1924 759 1998 840 dli

474 964 543 1024 rato
564 956 718 1025 Dobosloo
742 964 776 1025 et
796 959 860 1025 snis
881 960 1107 1027 successoribus
1131 979 1187 1043 pro
1203 967 1354 1028 conventu
1376 961 1530 1030 Landeusi
1545 983 1641 1031 nuum
1663 965 1773 1046 altare,
1794 965 1999 1051 quodcunque

474 1061 612 1143 elegerit,
634 1080 704 1128 cnm
725 1081 813 1128 nowo
836 1063 953 1129 missali
974 1069 1007 1130 et
1028 1070 1141 1131 ornatu
1161 1083 1232 1131 cnm
1252 1066 1339 1150 siguo
1361 1085 1434 1147 sno;
1457 1068 1489 1133 in
1510 1087 1573 1151 qua
1593 1087 1649 1135 ara
1669 1068 1798 1151 singulis
1817 1070 1999 1153 septimanis

474 1168 538 1228 tros
559 1165 652 1229 misse
673 1162 886 1230 defunctorum
908 1184 964 1249 pro
986 1166 1147 1232 animabus
1172 1167 1326 1251 Dobcslay
1349 1170 1407 1235 cwi
1429 1175 1462 1236 et
1482 1188 1547 1250 ave,
1579 1169 1656 1253 Syre
1683 1173 1793 1253 petris,
1823 1171 1914 1238 Clare
1935 1193 1999 1239 ma·

474 1266 541 1346 tris,
563 1272 596 1332 et
616 1267 752 1333 omnium
773 1269 942 1334 amicornm
963 1269 1177 1336 defunctorum
1200 1288 1325 1337 snorum
1347 1277 1380 1338 ot
1401 1291 1457 1354 pro
1479 1273 1609 1356 metipso
1631 1273 1750 1356 praieto
1772 1275 1942 1342 Dobesslao
1965 1282 1998 1342 ct

460 1368 538 1432 ¹suis
558 1369 795 1448 successoribus,
817 1369 888 1435 eliis
909 1389 983 1450 vero
1003 1371 1112 1437 diebus
1133 1379 1227 1454 prout
1246 1375 1441 1441 occurrerint
1456 1375 1682 1458 imperpetuum
1711 1384 1786 1442 sunt
1807 1377 1998 1459 celebrande,

473 1470 721 1536 exhortacionem
743 1490 815 1538 vero
837 1473 965 1554 singulis
990 1473 1097 1539 diebus
1117 1475 1279 1541 dominicis
1301 1475 1458 1557 iacientes,
1489 1477 1521 1543 iu
1542 1478 1715 1546 hereditate
1737 1497 1809 1545 vero
1830 1480 1914 1577 dicte
1932 1480 1997 1546 Go-

474 1572 630 1638 dnossowo
651 1573 728 1639 duos
747 1572 859 1639 iratres
880 1593 950 1640 cnm
972 1575 1103 1657 plebouo
1124 1579 1309 1643 statuentes.
1355 1577 1504 1645 Similiter
1525 1598 1597 1646 vero
1615 1582 1791 1648 nominatas
1818 1583 1929 1648 missos
1951 1601 2016 1648 oe·-

474 1675 639 1756 lebrnntes,
661 1676 903 1742 anniversarium
934 1697 990 1760 pro
1015 1677 1129 1743 eisdem
1157 1678 1318 1744 animabus
1339 1680 1480 1777 singulis
1512 1683 1602 1747 annis
1631 1681 1825 1764 exercebunt,
1852 1684 1893 1750 ed
1914 1684 1997 1767 quod

473 1779 717 1845 anniversarium
738 1797 794 1860 pro
815 1778 965 1845 iratribus
983 1780 1157 1862 sepedictus
1176 1780 1272 1846 abbas
1294 1781 1431 1864 sollepne
1452 1784 1617 1864 prandium
1632 1785 1830 1852 ministrabit.
1860 1786 1898 1852 in
1913 1787 2000 1852 cuius

473 1882 519 1947 rei
541 1882 762 1963 testimoninm,
783 1889 958 1964 presentem
984 1883 1122 1949 litteram
1156 1884 1291 1952 seribere
1322 1885 1534 1952 mandavimus
1558 1892 1590 1953 ct
1623 1888 1794 1970 sigillorum
1822 1893 1998 1955 nostrorum

474 1986 661 2068 appensione
682 1985 829 2052 roborari.
865 1988 979 2052 Actum
1001 1993 1035 2052 et
1056 1987 1165 2053 datum
1186 1988 1218 2052 in
1238 1987 1339 2069 Brest,
1363 2008 1444 2056 anno
1467 1990 1590 2056 Domini
1611 1992 1773 2059 millesimo
1796 1991 1998 2059 cccxtvm.

576 2190 695 2272 lande,
722 2194 796 2275 Lod.
840 2191 942 2271 Lank,
961 2195 1034 2277 ipo.
1070 2191 1284 2273 Godzessowo,
1313 2197 1506 2275 Godziszcmn
1530 2218 1546 2259 z
1570 2202 1655 2263 nem.
1685 2201 1866 2261 Gardccborc
1895 2197 1998 2279 Brest‚

474 2293 586 2357 Brzetc'
607 2297 770 2370 seronati.

1113 2561 1186 2643 Nr.
1225 2557 1352 2644 1281.

574 2753 751 2836 Esuriens
783 2754 896 2835 abbas
930 2754 1129 2835 deincions.
1166 2759 1295 2836 1848
1323 2777 1350 2837 s.
1380 2755 1412 2836 d.
1440 2757 1475 2836 ot
1501 2755 1540 2856 l.;
1574 2774 1736 2842 confirmat
1764 2776 1892 2843 nicolao
1923 2776 1997 2863 Sey·

473 2891 551 2957 teler
571 2891 774 2973 privilegium,
804 2891 887 2971 qnod
907 2891 1035 2956 dederat
1063 2891 1232 2957 Adnlberto
1266 2898 1299 2957 et
1327 2892 1476 2957 fratribus
1497 2893 1562 2958 eins
1591 2876 1773 2984 Iohannis
1793 2880 1996 2983 prepositus

474 3013 502 3072 s.
527 2992 719 3074 iamencii
745 3013 853 3094 propo
880 2991 994 3073 colias
1021 2995 1160 3072 1326
1186 2993 1268 3074 Inn
1294 2998 1377 3092 29,
1405 3016 1432 3075 s
1458 2995 1484 3074 1.

576 3117 686 3175 Koliaz.
731 3117 856 3177 metim.
879 3117 1035 3198 Raeticae,
1061 3118 1253 3193 Inscriptioa.
1281 3119 1429 3179 Cootrcno.
1454 3119 1786 3197 incantantem,
1809 3120 1870 3182 Lib.
1892 3121 1922 3198 8,
1942 3124 1995 3197 fol.

472 3217 546 3280 269.
589 3216 634 3299 (Z
652 3220 814 3294 conspicata
836 3225 1033 3295 opotrzoncpo
1052 3219 1265 3300 praececinerit).

577 3417 613 3482 ln
636 3419 758 3483 nomine
780 3417 902 3483 Domini
924 3437 1023 3484 amen.
1068 3420 1255 3502 Quocunque
1285 3422 1389 3488 debito
1422 3440 1459 3487 ac
1486 3422 1572 3490 licito
1599 3428 1736 3507 tempore
1764 3427 1805 3492 ad
1831 3428 1997 3509 proborum

472 3521 657 3606 peticionem
679 3522 909 3603 confirmantur,
932 3522 1111 3604 incorrupte
1124 3531 1359 3606 permanenter
1380 3525 1477 3607 illeso,
1498 3533 1531 3591 et
1549 3545 1569 3591 a
1590 3527 1740 3594 bonorum
1761 3529 1996 3612 impugnacione

473 3624 695 3691 ratificetornm
718 3642 802 3690 more
823 3630 970 3691 consueto
991 3626 1223 3707 preservcbuut.
1267 3626 1348 3693 Hinc
1372 3634 1421 3694 est
1449 3627 1531 3711 qnod
1562 3647 1618 3695 uos
1647 3629 1809 3710 Henricus,
1839 3632 1996 3699 dirimet

474 3727 642 3810 apostolice
664 3726 752 3792 Sedis
773 3727 970 3808 providencia
991 3727 1086 3794 abbas
1108 3728 1305 3811 Teinciensis‚
1328 3729 1367 3794 nd
1388 3732 1574 3812 peticionem
1595 3732 1721 3797 discreti
1735 3751 1772 3798 ac
1794 3733 1915 3801 honesti
1937 3736 1996 3801 viri

473 3828 591 3895 Nicolai
613 3828 688 3894 dicti
710 3828 850 3912 Seyteler
870 3830 944 3894 civis
966 3829 1169 3911 Gatianensis,
1190 3833 1244 3913 qui
1265 3832 1305 3899 ad
1327 3839 1466 3900 nostram
1489 3834 1602 3900 ibidem
1624 3835 1656 3898 iu
1679 3833 1780 3900 Colias
1803 3855 1840 3902 ac
1861 3835 1993 3904 fratrum

472 3939 647 3998 nostrornm
669 3933 753 3997 venit
770 3933 967 4014 presentiam,
990 3932 1133 3998 videiizet
1154 3933 1260 3998 sistris
1282 3936 1380 4000 nostri
1400 3937 1547 4018 prepositi
1568 3935 1608 4001 de
1629 3943 1736 4002 scncto
1765 3937 1936 4004 Laurentio
1958 3958 1994 4005 oc

471 4035 603 4100 eliorum
624 4039 799 4099 nostrornm
829 4034 1067 4117 capellanorum,
1099 4035 1291 4119 anobisqne
1322 4037 1481 4104 humiliter
1506 4057 1543 4104 ac
1575 4039 1712 4105 studiose
1742 4040 1937 4122 supplicavit,
1960 4049 1996 4108 nt

472 4136 676 4219 privilegium,
700 4137 759 4201 sibi
779 4157 833 4219 per
855 4138 983 4203 fratrem
1004 4145 1142 4206 nostrum
1166 4140 1240 4205 olim
1262 4140 1430 4207 Iohannem
1452 4142 1643 4224 prepositum
1657 4142 1758 4207 sancti
1780 4142 1943 4210 Laurencii
1958 4163 1996 4211 sc

471 4239 535 4303 suis
556 4238 823 4320 predecessoribus
847 4247 1023 4321 porrectum
1045 4261 1081 4307 nc
1102 4243 1251 4308 donatum
1269 4262 1363 4326 super
1377 4243 1555 4310 sculteciam
1574 4244 1606 4308 in
1621 4243 1696 4310 villo
1716 4250 1824 4310 nostre
1842 4245 1993 4329 Petrowo‚

470 4341 650 4406 confirmare
671 4342 877 4423 dignaremur.
922 4343 987 4407 Nos
1009 4362 1080 4408 vero
1103 4345 1246 4427 precibus
1269 4347 1333 4411 snis
1351 4346 1491 4412 inclinati
1504 4346 1708 4429 peticionibus
1723 4347 1788 4412 suis
1810 4355 1991 4431 annuentes,

471 4463 508 4510 ac
529 4444 674 4526 precipue
696 4448 823 4526 propter
845 4443 990 4509 honorem
1012 4463 1105 4527 quem
1123 4446 1273 4512 iratribus
1295 4449 1409 4515 nostris
1431 4449 1556 4531 prebuit
1583 4454 1616 4515 et
1634 4449 1667 4514 iu
1691 4455 1848 4532 posterum
1869 4451 1994 4518 exhibe

470 4547 526 4628 bit,
549 4546 702 4629 prefatum
726 4564 816 4611 snum
836 4546 1031 4629 privilegium
1053 4548 1309 4629 confirmavimus,
1332 4550 1513 4615 ratiticaudo
1528 4551 1611 4616 omni
1631 4570 1693 4633 qna
1714 4552 1920 4634 possibilitate
1940 4573 1993 4622 va·

470 4650 618 4715 lebamus.
662 4647 749 4728 Quod
771 4648 965 4731 privilegium
994 4650 1027 4714 in
1044 4649 1100 4714 bec
1129 4649 1222 4716 verba
1243 4652 1435 4717 continetur:
1472 4653 1631 4736 (Sequitur
1653 4659 1780 4732 diploma
1804 4659 1857 4721 Nr.
1881 4658 1991 4738 1070).

572 4751 637 4816 Nos
658 4751 738 4816 enim
761 4751 912 4816 Henricus
934 4751 1038 4816 divina
1058 4752 1255 4833 providencia
1276 4753 1374 4820 obbas
1388 4753 1568 4836 Tincieusis‚
1587 4755 1620 4819 in
1641 4756 1852 4824 testimouium
1874 4766 1907 4824 et
1921 4778 1993 4824 con·

470 4854 679 4920 firmocionem‘
699 4872 756 4919 neo
786 4873 846 4919 non
873 4860 1000 4936 propter
1033 4854 1221 4920 evidentiam
1254 4875 1291 4921 nc
1320 4856 1509 4922 credenciam
1543 4857 1746 4941 tutellnmqne
1774 4860 1939 4927 firmiorem
1962 4868 1994 4928 et

470 4956 670 5037 stabiliorem,
694 4955 821 5021 Nicolao
843 4955 927 5022 dioto
950 4955 1140 5022 Sobeitheler
1161 4959 1220 5023 civi
1243 4958 1407 5024 Colisiensi
1428 4965 1602 5041 presentem
1624 4963 1817 5043 porreximus
1838 4964 1992 5047 peginam,

468 5059 563 5142 sigilli
585 5059 684 5125 nostri
705 5078 743 5125 ae
765 5059 913 5142 prepositi
946 5061 1046 5126 sancti
1076 5059 1240 5126 Lenreucii
1273 5062 1331 5127 sub
1357 5063 1551 5145 appensione.
1596 5064 1709 5130 Actum
1738 5083 1841 5132 eorem
1860 5066 1992 5132 testibus

470 5162 701 5245 suprascriptis:
724 5160 853 5226 Nicolao
874 5161 1006 5243 plebano
1021 5162 1193 5242 Catinensi,
1215 5164 1349 5230 Henrico
1373 5165 1522 5231 monacho
1536 5166 1633 5231 fratre
1653 5173 1761 5232 nostm
1778 5168 1817 5233 de
1839 5169 1994 5263 Momm,

470 5264 606 5330 Iohanne
630 5269 736 5328 nostro
758 5263 927 5347 capellano,
948 5264 1096 5331 Honcone
1118 5267 1251 5332 smlteto
1268 5267 1308 5332 de
1325 5273 1433 5333 sancto
1453 5267 1633 5349 Laurentio,
1656 5269 1785 5336 Nicoloo
1807 5272 1929 5338 notario
1951 5272 1993 5337 ci·

470 5368 585 5433 vitetis.
630 5366 745 5432 Datum
767 5367 824 5433 snb
845 5386 927 5434 anuo
949 5369 1073 5434 Domini
1095 5369 1257 5435 millesimo
1281 5370 1491 5436 tricentesimo
1514 5371 1748 5454 quadragesimo
1769 5379 1886 5440 octavo.

572 5571 769 5650 torneiensis,
791 5576 828 5634 de
854 5576 970 5651 tiniec.
1014 5573 1166 5653 Petrowo‚
1190 5579 1343 5638 Pierroroo.
1387 5573 1541 5656 Mogeina,
1573 5579 1713 5655 Mopttro.
1757 5576 1889 5643 Senctm
1911 5578 1992 5645 Lan·

469 5677 600 5756 teocius,
626 5674 782 5737 rossana
805 5676 883 5741 miei.
