4675 7067
1018 1150 1090 1232 Nr.
1123 1146 1222 1233 989.

459 1342 642 1422 Iohannes
668 1342 729 1443 Pp.
747 1342 861 1423 ml
879 1346 1000 1421 1317
1017 1343 1097 1422 Iam
1125 1348 1197 1435 15,
1221 1343 1422 1442 triricum
1444 1358 1618 1424 mserum
1640 1359 1886 1427 assumere

358 1462 463 1525 reensi
485 1461 517 1524 in
538 1460 803 1543 archiepiscopum
824 1461 976 1544 praeficit,
996 1472 1026 1525 et
1050 1461 1197 1544 Capitulo
1220 1472 1252 1527 et
1273 1461 1477 1544 suffraganeis
1497 1461 1699 1526 mammeae.

465 1566 599 1635 Theium,
624 1567 815 1626 Nomento
838 1568 941 1627 metor.
966 1566 1108 1627 Poloeiee
1133 1568 1157 1629 Ι.
1182 1566 1254 1628 211.

461 1764 613 1830 lebannes
635 1767 797 1849 episcopus
826 1785 933 1832 servus
967 1785 1126 1832 serrorum
1153 1766 1222 1847 Dei,
1252 1765 1421 1832 venerabili
1446 1765 1538 1831 fratri
1562 1765 1703 1833 Borislao
1735 1766 1887 1851 archicpi-

360 1884 453 1948 sccpc
474 1866 649 1932 Gnezuensi
669 1868 801 1932 salutem
817 1876 847 1933 et
862 1868 1063 1950 apostohcam
1087 1868 1341 1933 benedictionem.
1370 1866 1521 1949 Suscepta
1536 1885 1610 1932 cera
1633 1869 1792 1951 regiminis
1810 1869 1889 1935 esi·

359 1966 422 2031 dua
449 1968 554 2049 pulsat
581 1969 731 2032 instantia
760 1976 893 2033 mentem
923 1979 1070 2046 nostram,
1100 1978 1134 2032 et
1162 1968 1367 2032 solicitudinis
1398 1968 1547 2048 debitum,
1574 1969 1614 2034 ad
1645 1969 1729 2050 quod
1751 1970 1888 2037 eeclesiis

361 2069 512 2133 ninivensis
533 2069 605 2150 iugo
634 2070 801 2151 apostolice
829 2071 988 2134 servitutis
1017 2071 1229 2151 astrinm'mur,
1259 2071 1341 2134 cirea
1368 2088 1475 2135 camur
1496 2070 1635 2152 singulas
1662 2071 1887 2154 persultemus:

361 2169 415 2235 scd
436 2171 576 2234 strictius
594 2189 614 2235 a
635 2170 724 2235 uobis
746 2171 890 2252 exigitur,
913 2179 948 2235 et
970 2170 1107 2235 ecelesiis
1128 2170 1263 2234 rideatis
1289 2171 1485 2236 consulamus
1507 2172 1692 2253 propensius
1713 2178 1745 2237 et
1765 2188 1891 2255 promp-

361 2273 424 2336 tius
447 2291 662 2338 succurramus
683 2274 728 2337 eis
750 2272 789 2337 cle
812 2272 1085 2337 substitutionibus
1113 2280 1273 2354 pastorum
1297 2273 1420 2337 utilium
1449 2273 1592 2337 celeriter
1620 2272 1818 2355 prendendo,
1851 2290 1891 2338 ee

361 2382 488 2457 propter
510 2375 634 2438 illarum
649 2375 839 2440 neceticnem
854 2374 1016 2453 diutinam,
1039 2374 1146 2456 lupina
1167 2376 1323 2456 rapacitas
1338 2375 1464 2440 incedat
1479 2373 1635 2439 subiectas
1656 2374 1793 2439 ecelesiis
1815 2374 1891 2457 ipsis

361 2493 443 2554 ores,
468 2475 635 2556 sedemque
656 2475 785 2540 ecclesie
810 2476 842 2539 in
864 2476 929 2539 suis
958 2475 1158 2540 facultatibus
1185 2476 1389 2542 collabantur.
1434 2475 1557 2540 Dudum
1589 2474 1741 2556 siquidem
1761 2474 1893 2542 ecclesia

363 2576 538 2641 Gueznensi
560 2596 618 2658 per
637 2578 758 2642 obitum
780 2578 859 2643 bone
881 2579 1027 2643 memorie
1049 2578 1152 2643 lacobi
1174 2579 1397 2660 archicpiscopi
1412 2577 1603 2643 thiernensis
1625 2584 1767 2657 secante,
1785 2576 1892 2643 dilecti

364 2679 462 2743 filii..
494 2681 670 2762 prepositus
690 2686 722 2745 et
746 2680 925 2763 Capitulum
955 2681 1093 2745 ciusdem
1120 2681 1257 2759 ecclesie,
1286 2682 1403 2746 necatis
1428 2680 1570 2745 cnruibes
1590 2680 1644 2762 qui
1665 2678 1839 2745 debuerunt
1860 2684 1892 2744 et

363 2787 531 2860 potuerunt
552 2781 677 2847 comode
698 2782 857 2861 interesse,
879 2782 930 2848 die
951 2782 991 2848 ad
1012 2782 1187 2863 eligendum
1208 2782 1334 2864 pretira,
1358 2790 1395 2847 et
1416 2783 1512 2847 moris
1533 2788 1591 2861 est,
1620 2782 1838 2847 convenientes
1860 2780 1893 2845 in

363 2899 469 2959 unum,
492 2900 529 2946 ac
547 2881 753 2947 deliberantes
779 2884 812 2948 iu
840 2883 1015 2948 huiusmodi
1045 2884 1206 2949 electionis
1236 2885 1359 2965 negotio
1382 2902 1437 2965 per
1455 2885 1536 2949 riam
1565 2883 1731 2965 procedere
1752 2898 1893 2965 compro-

363 2983 459 3060 missi,
482 2981 582 3047 tribes
600 3002 638 3047 ex
659 3002 693 3048 se
714 2985 799 3065 ipsis,
819 2984 962 3050 videlicet
976 2985 1091 3051 Thomc
1113 2985 1251 3066 predicte
1270 2985 1471 3065 Guezueusis,
1494 2992 1525 3050 et
1546 2985 1692 3050 Floriano
1713 2983 1892 3050 Plochensis

365 3085 541 3166 prepositis,
567 3103 605 3149 ac
635 3085 701 3164 tibi,
735 3092 808 3151 tenc
835 3087 1051 3152 archidiacono
1087 3087 1316 3165 Pozeaniensis,
1346 3087 1443 3168 ipsius
1468 3086 1660 3151 Gneznens'u
1694 3086 1894 3151 ecclesiarum

364 3185 527 3264 canonicis,
559 3186 690 3267 eligendi
718 3188 855 3268 quinque
880 3207 918 3252 ex
938 3189 1009 3253 aliis
1038 3187 1184 3252 dedicio
1211 3186 1366 3269 Capitulo,
1394 3188 1447 3267 qui
1477 3187 1601 3253 carice
1625 3182 1893 3269 providerentde

363 3288 481 3368 grenno
502 3287 667 3352 dumtaxat
688 3288 785 3368 ipsius
807 3290 935 3354 ecclesie
956 3289 1157 3368 Gneznensis,
1179 3288 1278 3354 eidem
1300 3288 1427 3354 ecclesie
1442 3288 1617 3353 Gneznensi
1640 3286 1800 3369 usquead
1820 3304 1895 3354 cou-

366 3389 574 3471 sumptionem
596 3389 753 3454 cuiusdam
773 3389 909 3470 candele,
932 3409 993 3473 que
1013 3390 1127 3456 ibidem
1149 3405 1280 3455 accensa
1298 3389 1408 3471 iuerat,
1436 3407 1492 3471 per
1512 3389 1692 3454 electionem
1714 3388 1894 3455 canonicam

366 3490 404 3555 de
430 3498 566 3572 pastore,
596 3500 814 3557 concesserunt
843 3493 1031 3558 unanimiter
1060 3492 1188 3557 liberam
1219 3497 1416 3573 potestatem.
1461 3490 1602 3574 Cumque
1629 3498 1674 3571 te,
1702 3490 1836 3556 Thomas
1861 3496 1894 3556 et

365 3592 529 3656 Florianus
551 3593 692 3673 predicti,
715 3600 870 3675 potestate
884 3593 1060 3659 huiusmodi
1076 3600 1211 3676 recepta,
1235 3593 1389 3676 predictos
1403 3593 1548 3675 quinque,
1564 3593 1683 3658 scilicet
1704 3590 1894 3657 stanislaum

364 3695 556 3776 prepositum
576 3694 840 3774 Vladislaviensis,
868 3694 996 3761 Petrum
1022 3696 1171 3761 decanum
1196 3695 1424 3774 Pozeauiensis,
1453 3694 1622 3760 Iauislaum
1643 3693 1895 3759 archidiaconum

364 3794 447 3860 dicte
470 3795 670 3875 (lucanensis,
700 3796 899 3862 Franciscum
930 3797 1147 3862 cancellarium
1169 3796 1392 3877 Craooniensis,
1416 3802 1448 3861 et
1478 3796 1634 3861 Andreem
1657 3795 1733 3859 ieris
1755 3794 1895 3861 cauoulci

366 3895 567 3979 professorem
601 3897 737 3962 eiusdem
759 3898 959 3977 Guezneusis,
981 3899 1180 3964 ecclesiarum
1202 3899 1366 3964 canonicos
1389 3904 1518 3980 prepter
1539 3898 1597 3962 hcc
1619 3896 1812 3962 concorditer
1833 3896 1896 3962 ele·

242 4086 244 4091 Ι
365 3998 498 4078 gisors,
521 3998 614 4062 iidem
636 3998 820 4080 stanislaus,
847 3999 969 4077 Petrus,
996 3998 1159 4080 Iauislaus,
1192 3999 1376 4065 Francisces
1397 4006 1431 4065 et
1452 3999 1603 4079 Andreas,
1636 3997 1895 4081 compromissarii

366 4099 411 4163 sic
432 4098 532 4178 electi,
556 4099 737 4164 scendentes
766 4101 798 4165 in
819 4107 950 4182 partem,
976 4106 1047 4183 post
1074 4100 1253 4183 diligentem
1274 4119 1367 4183 quern
1395 4120 1489 4183 seper
1517 4099 1576 4166 hoc
1602 4100 1685 4165 inter
1706 4116 1740 4165 se
1761 4098 1896 4165 bebecre

368 4206 546 4279 tractatum,
568 4200 602 4264 in
624 4206 665 4279 te,
688 4201 721 4265 in
742 4201 923 4267 diaconatus
944 4203 1052 4268 ordine
1073 4222 1110 4269 ac
1125 4209 1210 4269 etate
1231 4203 1369 4286 legitima
1383 4204 1597 4281 coustitutum,
1616 4201 1797 4266 direxerunt
1819 4217 1895 4267 uua·

367 4303 492 4366 nimiter
513 4307 586 4366 vota
606 4320 672 4382 sua,
694 4307 729 4367 et
750 4302 860 4368 deinde
882 4302 1021 4386 prefatus
1042 4304 1163 4384 Petrus,
1183 4323 1221 4370 er
1243 4311 1400 4388 potestate
1420 4305 1479 4370 sibi
1502 4309 1534 4370 et
1555 4303 1704 4386 predictis
1723 4302 1793 4368 aliis
1814 4319 1897 4369 coru·

370 4403 578 4485 promissariis
600 4403 725 4485 collegis
746 4405 811 4468 suis
835 4410 871 4469 ut
891 4406 1085 4487 premittitur
1106 4407 1232 4487 tradita,
1263 4407 1301 4471 de
1323 4407 1460 4488 ipsorum
1483 4405 1669 4487 collegarum
1692 4404 1805 4470 ibidem
1827 4422 1896 4487 prc-

368 4505 501 4571 sentiem
516 4504 671 4586 mandato,
690 4506 756 4570 vice
769 4523 826 4570 sea
840 4511 873 4570 et
887 4506 1051 4572 eorundem
1067 4508 1254 4589 collegarum
1269 4507 1406 4590 dictique
1421 4506 1568 4588 Capituli,
1593 4513 1624 4572 te
1638 4512 1712 4572 ante
1733 4522 1898 4588 cousump-

369 4605 484 4670 ticnem
508 4604 645 4686 predicte
667 4605 794 4671 candele
814 4606 847 4670 iu
867 4606 1132 4690 archiepiscopum
1162 4608 1377 4674 Gnezneusem
1404 4607 1507 4691 elegit,
1532 4613 1565 4674 et
1588 4606 1769 4673 electionem
1791 4604 1898 4672 huius·

368 4706 460 4785 modi,
482 4725 502 4770 a
524 4706 616 4771 dictis
638 4705 782 4788 Capitulc
812 4708 1007 4773 concorditer
1035 4715 1238 4792 acceptatam,
1261 4709 1440 4775 solemniter
1470 4707 1647 4790 publicavit.
1692 4707 1800 4790 Tuque
1823 4713 1897 4791 post

370 4824 560 4887 consensum,
588 4808 765 4874 huiusmodi
793 4809 939 4874 electioni
962 4810 1000 4876 de
1022 4817 1053 4876 te
1071 4810 1153 4877 iacte
1171 4829 1208 4877 ac
1234 4811 1291 4876 tibi
1315 4830 1354 4877 er
1375 4815 1464 4892 parte
1493 4809 1645 4874 dictorum
1670 4808 1806 4890 Capituli
1828 4824 1898 4891 pre·

369 4913 490 4972 sentatc
522 4909 562 4972 ad
590 4910 771 4976 instantiam
799 4910 965 4976 eorumdem
996 4912 1174 4994 Capitalia
1196 4919 1228 4978 te
1261 4913 1397 4995 legitime
1419 4911 1595 4993 prestitum,
1625 4909 1665 4975 ad
1693 4908 1802 4976 Sedere
1823 4926 1897 4992 apo·

369 5008 520 5087 stoicam,
560 5009 633 5074 dum
665 5030 721 5093 per
749 5011 867 5077 obitum
901 5010 999 5078 ielicis
1032 5014 1255 5080 recordationis
1289 5013 1457 5079 Clementis
1488 5013 1572 5094 Papo
1605 5011 1644 5092 V,
1675 5010 1899 5092 predecessoris

375 5109 484 5189 nostri,
508 5108 602 5175 Sedes
622 5111 691 5192 ipsa
712 5113 851 5194 vacabat,
873 5115 1102 5196 presentialiter
1123 5116 1291 5197 accessisti,
1314 5134 1351 5181 ac
1372 5114 1483 5180 deinde
1507 5119 1570 5180 tam
1599 5118 1711 5194 tepor
1733 5118 1765 5178 te
1786 5111 1898 5195 ipsum,

374 5229 467 5293 quarn
480 5260 488 5275 .
502 5260 520 5292 .,
537 5219 767 5293 procuratorem
783 5216 986 5282 substitutum
1000 5236 1019 5282 a
1034 5218 1127 5283 certis
1142 5216 1394 5299 procuratoribus
1408 5215 1449 5281 ab
1463 5215 1538 5298 ipsis
1561 5212 1705 5296 Capitulc
1726 5212 1902 5296 specialiter

373 5313 546 5394 destinatis,
566 5313 657 5378 adid
676 5317 810 5396 speciale
831 5318 1011 5384 mandatum
1030 5318 1225 5399 habentibus,
1247 5319 1301 5401 qui
1324 5324 1398 5384 teuc
1420 5316 1460 5382 ad
1481 5316 1608 5381 eandem
1642 5314 1752 5381 Sedere
1775 5320 1902 5398 prepter

375 5414 434 5480 hcc
457 5421 606 5479 venerant
628 5433 690 5480 uua
712 5422 821 5498 tecum,
843 5419 957 5501 quique
978 5419 1122 5484 decuria
1143 5419 1283 5485 Romam
1304 5438 1341 5485 cx
1365 5418 1466 5484 caesis
1492 5416 1673 5482 necessariis
1695 5415 1902 5483 discesserant

372 5521 540 5597 autequam
563 5515 690 5582 ecclesie
722 5517 860 5584 Romane
882 5525 964 5585 esset
996 5521 1035 5585 de
1064 5527 1189 5602 pastore
1222 5521 1387 5602 provisum,
1419 5518 1560 5599 anobis,
1582 5518 1622 5584 ad
1646 5517 1766 5599 apicem
1788 5516 1901 5583 summi

373 5617 567 5700 apostolatus
587 5619 765 5700 assumptis,
795 5620 970 5687 confirmari
996 5622 1177 5688 electionem
1205 5620 1385 5704 predictam,
1417 5620 1502 5686 illies
1530 5618 1616 5685 uobis
1648 5624 1826 5700 presentato
1847 5616 1900 5682 dc-

373 5726 467 5800 creto,
491 5718 649 5783 humiliter
671 5719 861 5802 postulastis,
883 5722 916 5787 in
939 5722 999 5788 hiis
1030 5724 1172 5790 omnibus
1194 5729 1303 5806 perte
1333 5730 1365 5790 et
1393 5725 1494 5806 ipsum
1526 5720 1705 5804 Capitulum
1732 5719 1861 5786 statutis
1882 5736 1902 5785 a

1712 5838 1746 5892 ti
1791 5892 1794 5897 .
