4675 7067
429 824 503 894 574

427 1042 547 1107 cunque
567 1030 601 1089 et
621 1041 803 1106 quocunque
823 1031 962 1108 tempore
982 1023 1070 1090 uobis
1091 1023 1316 1106 heredibusque
1338 1026 1452 1093 nostris
1474 1044 1597 1094 necesse
1616 1027 1710 1094 fuerit
1731 1032 1765 1094 et
1785 1029 1868 1111 ipsos
1889 1029 1945 1097 ha-

426 1125 582 1193 buerimus
603 1126 778 1207 requisitos,
801 1143 910 1210 parere
928 1126 1061 1193 debeant
1080 1132 1114 1193 et
1133 1134 1249 1208 patere.
1293 1127 1330 1193 In
1351 1129 1438 1194 euius
1460 1139 1515 1195 cto.
1537 1129 1658 1196 Testes:
1683 1130 1885 1214 burggravius
1906 1133 1946 1200 de

427 1229 618 1313 Nurenherg,
642 1230 682 1296 H.
705 1248 806 1297 comes
828 1231 867 1297 de
889 1231 1080 1314 Suaraburg,
1103 1230 1200 1311 Buch,
1232 1229 1368 1311 Mdtner,
1395 1229 1532 1314 Swylrer,
1561 1230 1770 1314 Wollsteiner,
1792 1231 1944 1315 Huseuer,

426 1333 553 1417 hechin,
576 1331 654 1399 Hele
676 1333 832 1416 pincerna,
860 1333 1007 1416 magister
1033 1334 1172 1416 coquine,
1205 1333 1308 1400 Hasso
1338 1333 1450 1414 senior,
1485 1352 1514 1416 q.
1546 1333 1623 1418 (sic)
1651 1333 1744 1416 Wolf,
1775 1334 1944 1418 Wolkowe,

426 1434 608 1518 laterpcclr.
652 1435 767 1502 Datum
781 1434 913 1519 -Bcrlyn,
935 1455 1016 1504 anno
1040 1436 1136 1518 XLV,
1158 1435 1288 1503 sabbata
1310 1441 1382 1519 post
1402 1435 1605 1502 Nativitatem
1627 1437 1753 1521 virginis
1772 1438 1880 1506 Marie.

528 1638 734 1726 Tnpilburg,
762 1644 927 1722 capanea.

1064 1940 1135 2023 Nr.
1181 1933 1305 2024 1247.
1397 1985 1401 1994 ·

525 2135 735 2231 Kaainirua
760 2157 825 2216 rex
851 2134 997 2217 Polonie
1024 2139 1157 2216 1845
1184 2133 1277 2237 Sept
1303 2140 1391 2235 26,
1418 2135 1460 2216 in
1477 2136 1637 2238 Potnan3
1666 2125 1785 2221 cinari
1815 2156 1943 2224 Wseho-

424 2275 472 2323 va
494 2252 614 2340 partem
635 2256 816 2323 hereditatis
835 2255 931 2321 Nove
951 2254 1127 2339 Przyczyuy
1149 2253 1276 2323 confert.

526 2365 663 2438 Pcrpam.
684 2364 797 2438 crypta
832 2362 879 2422 Na
900 2363 1018 2424 maoch
1032 2363 1193 2439 jecmaan,
1217 2379 1359 2430 cremon.
1383 2360 1477 2424 tedet
1495 2367 1718 2441 praemieszona
1731 2366 1812 2429 mola
1823 2357 1944 2448 picczcb

425 2461 972 2560 Kaziurr'crzalcrdla,apobroia,1lpca
1000 2467 1074 2527 Orda
1105 2484 1132 2524 a
1151 2465 1289 2538 baronte·
1314 2467 1416 2542 capre:
1445 2462 1476 2529 S.
1504 2463 1654 2530 Kazimiri
1678 2463 1737 2530 D'i.
1766 2484 1831 2548 gra.
1862 2466 1944 2550 regis

424 2564 660 2732 pnlfflel’omurl.
704 2671 820 2746 haupt.
845 2670 949 2730 Studio
970 2670 1058 2732 Arch.
1103 2671 1267 2731 Frmeatadt
1288 2670 1341 2731 Nr.
1363 2670 1391 2729 l.

525 2871 562 2938 ln
582 2871 706 2938 nomine
726 2870 851 2937 Domini
870 2890 969 2938 amen.
1013 2871 1078 2937 Nos
1092 2871 1268 2939 Karimirus
1287 2870 1345 2938 Dei
1360 2871 1466 2954 gracia
1486 2891 1540 2938 ren
1558 2870 1685 2939 Polonie
1699 2876 1943 2959 recognoscimus

423 2975 575 3042 universis
597 2979 703 3042 tenore
731 2973 922 3057 presencium
949 2973 1106 3057 petituris,
1138 2973 1222 3056 quod
1241 2974 1448 3040 melioracioni
1480 2974 1616 3041 civitatis
1647 2982 1753 3045 nostre
1782 2978 1945 3046 Wschowa

423 3078 572 3146 solliciter
592 3078 786 3145 intendentes
807 3082 843 3143 ut
864 3095 902 3143 ex
923 3094 959 3142 eo
981 3075 1069 3143 uobis
1097 3094 1224 3159 presens
1249 3075 1406 3160 proiectus
1430 3081 1463 3142 et
1490 3076 1614 3143 futurus
1642 3085 1801 3162 augeatur,
1824 3100 1943 3148 exnunc

423 3182 519 3265 igitur
538 3186 637 3248 totam
658 3186 780 3263 partem
801 3179 982 3247 hereditatis
1002 3178 1084 3245 dicta
1106 3178 1205 3245 Nova
1225 3178 1326 3246 Pricz:
1360 3196 1421 3263 que
1442 3179 1515 3246 olim
1536 3179 1638 3246 tuerat
1655 3181 1775 3248 Mathie
1804 3182 1843 3250 de
1864 3183 1943 3258 Pan·

423 3284 498 3351 vicz
519 3302 556 3350 ac
574 3301 630 3351 suc
650 3283 788 3366 coniugis
813 3289 847 3349 et
871 3282 911 3347 ad
933 3300 989 3348 uos
1010 3299 1091 3347 nunc
1122 3281 1259 3364 pertinet
1279 3287 1313 3348 et
1341 3299 1423 3347 nunc
1444 3280 1476 3347 in
1508 3287 1647 3358 nostram
1667 3285 1760 3350 cessit
1781 3285 1942 3367 dicionem,
2047 3312 2049 3316 >

422 3386 566 3453 videlicet
587 3385 810 3469 quinquaginta
840 3385 939 3450 mansi
971 3402 1041 3449 cum
1073 3401 1184 3449 ceusu:
1216 3383 1293 3450 istos
1315 3382 1411 3466 igitur
1442 3384 1469 3448 L
1499 3402 1621 3450 mansos
1651 3382 1720 3450 cum
1754 3405 1847 3452 censu
1868 3387 1941 3454 viris

422 3486 558 3569 famosis,
581 3487 722 3554 fidelibus
743 3486 858 3553 nostris
880 3485 1021 3552 omnibus
1042 3483 1160 3551 civibus
1175 3485 1214 3551 de
1229 3485 1391 3552 Wschovva
1409 3486 1526 3567 damus,
1543 3486 1694 3554 tradimus
1712 3494 1745 3555 ct
1765 3489 1944 3557 donacionis

424 3595 573 3673 perpetue
594 3589 696 3673 tytulo
717 3588 910 3670 conterimus,
939 3588 973 3659 in
996 3593 1179 3672 perpetuum
1205 3588 1354 3654 tenendos
1383 3592 1416 3654 et
1440 3588 1600 3662 ¹habendos
1630 3592 1802 3658 cumomni
1823 3592 1890 3658 iure
1911 3598 1943 3658 et

423 3698 490 3760 toto
511 3693 656 3775 dominio,
676 3712 712 3759 ac
734 3711 804 3759 cum
824 3692 975 3758 universis
996 3691 1196 3772 utilitatibus,
1223 3688 1431 3773 proventibus,
1458 3689 1576 3773 usibuS,
1605 3692 1776 3760 redditibus
1805 3713 1943 3761 necnon

423 3813 492 3862 cum
513 3795 665 3862 universis
695 3794 893 3878 pertinenciis
925 3794 966 3862 ad
985 3794 1078 3876 ipsos,
1111 3799 1147 3860 ut
1168 3793 1265 3860 eciam
1288 3810 1340 3859 eos
1372 3792 1501 3875 predicti
1534 3794 1671 3861 Mathias
1703 3814 1757 3862 seu
1778 3795 1844 3862 eius
1865 3815 1944 3863 uxor

423 3904 496 3978 post
516 3912 587 3965 eum
609 3901 794 3976 tenuervmt3'
807 3897 912 3979 sicque
933 3897 1057 3962 eosdem
1075 3913 1198 3962 mansos
1220 3896 1330 3961 dantes
1351 3896 1468 3962 civibus
1483 3897 1638 3979 predictis,
1655 3898 1789 3972 ¹eandem
1805 3905 1942 3965 nostram

422 3998 621 4067 donacionem
642 3999 835 4082 presentibus
857 3999 1082 4065 confirmamus.
1126 3999 1242 4064 Datum
1264 3998 1297 4062 in
1323 3996 1446 4064 Pozuan
1472 3997 1548 4064 teria
1569 3999 1703 4064 secunda
1728 4006 1802 4068 ante
1829 3999 1942 4068 tastum

426 4100 509 4169 beati
530 4101 701 4184 Michaelis,
720 4121 801 4168 anno
822 4101 946 4169 Domini
968 4099 1143 4166 m.0ce.xl
1165 4100 1283 4183 quinto,
1306 4106 1413 4174 nostro
1433 4100 1517 4183 regio
1538 4099 1596 4167 sub
1619 4101 1729 4184 sigillo.

525 4305 622 4373 Nova
643 4303 741 4387 Pricz,
763 4311 949 4386 Przpczpna,
972 4310 1021 4368 nic
1042 4307 1192 4383 miadomo,
1216 4301 1312 4382 pona
1334 4324 1389 4385 cry
1410 4309 1507 4371 dorna.

1063 4602 1135 4727 Nr.
1171 4596 1295 4683 1248.

526 4800 742 4883 ludovicus
782 4798 953 4897 (marchio
992 4795 1341 4897 Brandenburgens.)
1381 4798 1509 4875 1345
1548 4796 1635 4878 lior.
1675 4799 1751 4889 16,
1778 4794 1941 4894 llricsen3

425 4922 528 4988 villam
550 4920 721 4986 Buchholtz
743 4919 852 4986 Ordini
879 4939 903 4984 s.
926 4918 1071 4984 Iohannis
1099 4916 1337 4984 lerosolimitaui
1363 4915 1468 4982 eodem
1490 4916 1558 4981 iure
1579 4921 1611 4981 et
1631 4915 1730 4982 torma
1751 4916 1941 5000 appropriat,

423 5026 534 5110 quibus
555 5025 688 5090 Betkino
709 5023 748 5089 dc
769 5023 828 5089 Ost
849 5021 1106 5106 etDobrogostio
1128 5019 1166 5085 de
1188 5018 1368 5101 Snamotuly
1390 5017 1573 5100 pertinebat.

526 5132 635 5192 necea
684 5130 750 5190 Cod.
773 5130 947 5203 diplomatis.
971 5124 1248 5199 crondenbwpea.
1271 5129 1296 5184 A
1318 5124 1370 5201 19,
1390 5142 1421 5199 p.
1444 5124 1504 5194 15;
1534 5123 1632 5200 A24,
1666 5141 1696 5199 p.
1719 5125 1771 5187 38.
1805 5121 1941 5207 (Kome).

525 5314 676 5381 Noverint
696 5325 751 5379 etc.
774 5312 856 5395 quod
876 5329 931 5376 uos
953 5310 1135 5375 Ludowicus
1157 5319 1209 5374 etc.
1232 5309 1272 5375 ad
1294 5310 1461 5374 instantem
1490 5309 1719 5392 requisitionem
1747 5314 1942 5375 strenuorum

423 5419 559 5485 virorum
581 5417 706 5482 Betkini
727 5416 765 5481 de
786 5416 854 5495 Ost,
877 5414 993 5494 militis,
1016 5420 1049 5478 et
1069 5412 1270 5495 Dobergozcii
1290 5412 1328 5477 de
1355 5411 1512 5493 Samptur,
1537 5410 1671 5476 fidelium
1698 5417 1873 5477 nostrorum
1897 5410 1942 5476 di·

424 5523 584 5601 lectarum,
606 5539 674 5586 cum
696 5524 820 5585 matura
841 5517 1060 5584 deliberatione
1081 5522 1256 5581 nostrorum
1279 5513 1522 5579 consiliariorum
1551 5514 1814 5597 appropriavimus
1836 5519 1869 5579 et
1889 5532 1942 5596 ap

423 5624 583 5708 propriore
604 5623 793 5688 decrevimus
815 5641 870 5705 per
902 5626 1061 5703 presentes
1083 5618 1313 5685 honorabilibus
1348 5617 1422 5682 viris
1444 5623 1477 5682 et
1508 5616 1669 5697 religiosis,
1703 5615 1943 5683 commendatori

426 5726 598 5810 ceterisque
620 5724 766 5794 hatribus
788 5722 982 5809 presentibus
1010 5729 1042 5791 et
1066 5721 1179 5791 tuturis
1200 5720 1308 5790 domus
1333 5720 1397 5790 sive
1425 5718 1509 5789 curie
1531 5719 1612 5789 dicte
1642 5719 1799 5800 Quartzan
1820 5717 1943 5786 Ordinis
