4675 7067
960 1222 1033 1307 Nr.
1067 1212 1166 1309 761.

285 1458 287 1461 ¹
403 1427 643 1513 Vladisslaus
662 1433 831 1515 dominus
858 1434 964 1535 regni
990 1434 1134 1516 Polouie
1161 1438 1227 1517 etc
1253 1437 1385 1515 1297
1410 1434 1510 1516 Febr.
1536 1440 1614 1525 22,
1640 1435 1682 1516 in
1706 1436 1830 1537 Kella

301 1556 403 1617 ratam
424 1550 519 1616 habet
539 1551 737 1620 donationem
758 1552 941 1621 hereditatis
961 1554 1036 1641 leg,
1059 1573 1079 1620 a
1100 1554 1214 1621 comite
1234 1553 1399 1635 Dobeslao,
1421 1553 1487 1621 lilio
1508 1553 1627 1622 Oreslai
1643 1555 1684 1621 de
1702 1555 1830 1623 Roscia-

300 1652 358 1735 lec,
380 1653 569 1720 monasterio
590 1653 658 1739 Led
680 1652 804 1721 laeam.

402 1759 588 1836 Rzpszczcm.
612 1759 777 1822 Muczlrorr.
798 1761 897 1825 Codex
911 1762 1027 1837 darom.
1050 1760 1201 1824 Poloniuc.
1226 1760 1275 1839 II,
1297 1760 1351 1825 Nr.
1374 1759 1445 1822 103.
1477 1756 1520 1842 (Z
1533 1762 1715 1839 pequam
1734 1778 1829 1842 crya,

300 1855 422 1938 rrlrepo
439 1858 564 1945 pieczed
580 1860 769 1945 poloniam.)

401 2097 439 2163 In
460 2096 584 2166 nomine
605 2099 730 2165 Domini
751 2118 851 2167 amen.
896 2100 1049 2180 Quoniam
1070 2100 1154 2168 iacta
1175 2100 1354 2168 mortalium
1377 2100 1563 2168 oblivionem
1591 2098 1752 2185 inducunt,
1780 2102 1830 2171 vel

299 2204 400 2265 morte
418 2199 601 2285 intercepta,
623 2202 706 2269 sicut
727 2204 921 2286 experieucia
941 2202 1057 2285 docuit,
1088 2204 1190 2270 solent
1215 2202 1370 2269 adnullari
1400 2204 1427 2269 si
1456 2221 1519 2269 uon
1549 2201 1665 2269 inerint
1685 2203 1827 2287 legitimo

301 2301 437 2369 virorum
458 2321 495 2370 ac
516 2304 684 2386 proborum
706 2305 884 2373 testimonio
904 2304 1067 2386 roborate3
1090 2311 1256 2388 eapropter
1277 2324 1335 2372 nos
1354 2305 1560 2388 Vladisslaus‚
1581 2304 1641 2371 Dei
1654 2307 1761 2389 gracia
1773 2306 1829 2374 do·

300 2404 403 2469 minus
424 2405 511 2488 regni
532 2405 669 2488 Polonie,
691 2406 885 2489 Pomorauie,
908 2407 1070 2491 Lancycie,
1095 2408 1232 2491 Guyavie
1252 2413 1285 2474 et
1306 2407 1447 2491 Syradie,
1469 2407 1683 2475 universorruu
1704 2428 1831 2492 presen-

300 2506 382 2572 cium
403 2512 437 2573 et
457 2506 633 2574 futurorum
654 2508 802 2575 memorie
821 2509 1024 2591 declaramus,
1047 2510 1131 2593 quod
1152 2514 1254 2576 comte
1272 2509 1445 2576 Deberem
1465 2509 1549 2577 lilius
1564 2508 1683 2577 Greslai
1704 2512 1745 2580 de
1766 2511 1829 2579 La·

300 2607 392 2690 pidea
412 2610 542 2676 ecclesia
558 2610 591 2675 in
609 2615 718 2679 nostra
743 2629 780 2677 ac
809 2617 987 2678 nostrorum
1014 2611 1164 2679 baronum
1192 2611 1354 2695 presencia
1381 2612 1581 2693 constitutus,
1608 2631 1665 2696 pro
1693 2614 1832 2682 remedio

300 2711 403 2777 anime
424 2730 479 2777 sue
499 2730 536 2777 ac
557 2712 808 2793 predecessorum
830 2731 957 2780 suorum
979 2718 1012 2779 et
1030 2730 1243 2789 successorum
1261 2719 1295 2780 et
1313 2714 1578 2780 inremissionem
1598 2714 1736 2783 omnium
1757 2734 1830 2783 suo·

300 2831 369 2879 rum
387 2813 612 2895 peccaminum,
634 2813 839 2881 hereditatem
860 2832 949 2881 suam
963 2815 1070 2897 Lange
1082 2813 1240 2896 virenter
1253 2820 1473 2898 nuncupatam,
1496 2815 1630 2898 quesibi
1643 2836 1683 2883 ex
1697 2823 1831 2900 paterna

299 2915 492 2981 successione
512 2914 706 2998 conpetebat,
731 2917 764 2981 in
785 2922 870 2983 terra
892 2917 1078 3001 Guyaviensi
1099 2917 1203 2998 sitam,
1226 2918 1416 2985 munasterio
1440 2917 1480 2983 de
1501 2918 1609 2985 Lenda
1630 2924 1663 2985 et
1681 2918 1831 2987 iratribus

299 3015 413 3085 ibidem
434 3016 501 3085 Dec
522 3018 778 3100 deservientibus
800 3019 868 3084 iure
889 3018 1077 3086 hereditario
1099 3018 1132 3083 in
1153 3024 1339 3101 perpetuum
1357 3019 1575 3103 possidendam
1597 3038 1667 3088 cum
1687 3022 1831 3089 omnibus

299 3118 490 3186 utilitatibus
512 3138 549 3187 ac
570 3120 780 3202 proventibus,
802 3122 948 3189 videlicet
968 3122 1061 3205 egris,
1084 3121 1194 3204 pratis,
1216 3122 1313 3204 silvis,
1336 3122 1565 3205 venaciouibua,
1585 3122 1759 3205 melliliciia,
1784 3124 1831 3191 la·

299 3220 407 3303 cubus,
429 3227 462 3288 et
482 3240 576 3305 super
597 3222 739 3305 Wyslam
761 3241 798 3289 ac
820 3224 891 3290 aliis
911 3224 1001 3307 aquis
1022 3224 1248 3307 piscacionibus
1268 3230 1303 3291 et
1320 3225 1515 3307 molendinis,
1547 3231 1581 3293 et
1607 3221 1831 3309 omnibusque

299 3342 382 3390 nunc
402 3329 478 3390 sunt
498 3326 548 3390 vel
568 3325 602 3391 in
622 3325 761 3391 formum
783 3325 892 3393 haberi
913 3333 1046 3411 possunt
1070 3327 1270 3408 utilitatibus,
1297 3328 1337 3393 ad
1366 3326 1496 3394 andem
1524 3327 1730 3395 hereditatem
1749 3326 1832 3396 infra

298 3426 393 3509 gades
414 3427 512 3509 ipsius
530 3426 598 3493 iure
620 3426 842 3509 spectantibus,
865 3446 942 3495 saue
962 3434 1075 3510 mente,
1098 3430 1225 3512 proprie
1245 3432 1356 3512 sponte
1374 3434 1408 3495 et
1428 3428 1547 3512 absque
1576 3429 1643 3496 ulla
1671 3430 1831 3499 coactione

299 3532 470 3597 memorato
492 3529 680 3595 monasterio
698 3528 863 3597 debenda
883 3536 917 3596 et
934 3529 1083 3597 fratribus
1104 3530 1219 3597 ibidem
1240 3531 1383 3612 contulit,
1410 3530 1540 3598 tradidit
1560 3535 1594 3599 et
1614 3531 1756 3613 donavit3
1784 3532 1832 3599 ita

299 3631 383 3715 quod
401 3630 545 3713 deinceps
564 3630 646 3697 idem
667 3631 841 3697 Dobeslaus
862 3637 919 3699 aut
940 3633 988 3697 sui
1010 3650 1213 3712 comessores,
1235 3650 1329 3716 super
1347 3633 1455 3699 eadem
1476 3632 1653 3699 hereditate
1673 3634 1706 3699 in
1726 3638 1831 3717 poste-

299 3753 369 3801 rum
394 3734 439 3799 nil
466 3733 603 3801 habeant
627 3735 809 3817 questionis.
859 3734 926 3801 Nos
951 3754 1023 3801 vero
1050 3734 1090 3801 ob
1118 3734 1289 3801 remedium
1313 3734 1416 3800 anime
1441 3739 1548 3801 nosue
1575 3739 1609 3800 et
1636 3733 1831 3804 ammom

299 3853 393 3918 quam
415 3836 499 3903 eirca
518 3836 650 3903 eumdem
670 3834 818 3903 Ordinem
837 3837 973 3919 gerimus
1001 3836 1117 3903 dietam
1143 3836 1269 3902 domum
1303 3854 1417 3918 augere
1444 3836 1613 3919 cupientes,
1642 3836 1831 3905 absolvimus

300 3937 399 4020 ipsam
417 3936 457 4003 ab
478 3937 621 4003 omnibns
642 3937 798 4020 palatinis,
822 3938 1000 4005 &telluris
1019 3942 1052 4003 et
1069 3938 1208 4021 ipsorum
1229 3937 1395 4003 iudicibus:
1422 3942 1460 4003 ut
1487 3952 1545 4002 uec
1573 3937 1614 4004 ab
1634 3938 1712 4021 ipsis
1728 3939 1829 4020 citam,

299 4056 356 4105 nec
378 4056 483 4105 coram
502 4040 579 4122 ipsis
600 4044 687 4105 stare
711 4057 766 4106 seu
794 4039 981 4123 respondere
1007 4044 1187 4121 teneantur,
1214 4038 1269 4105 aed
1297 4044 1421 4105 matum
1439 4056 1544 4105 coram
1564 4038 1664 4121 uobis,
1694 4040 1769 4107 dum
1789 4041 1834 4107 ad·

300 4144 438 4207 nostram
457 4141 649 4224 presenciam
669 4160 727 4224 per
747 4148 886 4209 nostram
908 4142 1032 4209 literam
1054 4142 1144 4209 citati
1167 4141 1286 4207 luerint
1306 4140 1528 4223 comparebunt,
1550 4158 1607 4207 auo
1621 4145 1745 4210 anam
1759 4141 1834 4209 iure-

299 4243 491 4325 responsuri:
514 4247 547 4309 et
565 4242 605 4308 ab
628 4243 769 4310 omuibus
790 4244 918 4311 dominii
940 4246 1040 4311 nostri
1058 4244 1179 4311 iuribus
1200 4248 1234 4309 et
1253 4242 1469 4309 marcionibus
1495 4242 1658 4324 universis,
1679 4242 1769 4310 nobis
1790 4242 1830 4310 de

299 4344 368 4411 iure
387 4345 437 4412 vel
458 4344 498 4409 de
518 4342 601 4411 iacto
623 4346 846 4428 spectantibus,
868 4351 901 4413 et
921 4365 992 4413 cum
1012 4346 1155 4413 omnibus
1176 4345 1297 4425 incolis,
1318 4344 1384 4410 sive
1401 4344 1536 4429 propriis
1558 4344 1623 4411 sive
1651 4344 1768 4427 liberis,
1796 4344 1831 4411 in

300 4446 409 4515 eadem
429 4445 603 4513 hereditate
625 4448 896 4529 commorantibus,
923 4466 1001 4531 quos
1022 4448 1147 4531 penitus
1172 4446 1371 4528 absolvimus,
1398 4446 1544 4513 videlicet
1563 4465 1584 4514 a
1604 4464 1712 4529 povoz,
1732 4466 1754 4513 a
1772 4465 1829 4514 na·

299 4566 363 4631 rae,
389 4548 430 4615 ab
455 4547 554 4631 opole,
576 4548 756 4615 acustodia
781 4548 864 4615 cervi
886 4554 920 4615 et
947 4553 1120 4615 metrorum
1147 4548 1198 4615 vel
1222 4548 1367 4632 poncium
1389 4546 1596 4630 editimdone,
1625 4553 1659 4617 et
1691 4548 1830 4616 omnium

298 4648 430 4718 alicuem
451 4648 674 4717 Polonicalium
693 4647 874 4731 officiorum,
895 4649 1149 4733 quibuscumque,
1178 4650 1244 4715 sive
1271 4650 1359 4715 noae
1386 4650 1452 4717 sive
1478 4650 1627 4733 antiquis,
1654 4650 1831 4718 mnimbm

301 4756 495 4820 oenseaubra
539 4752 620 4819 Item
638 4751 782 4819 dominus
799 4751 895 4818 abbas
912 4768 1018 4817 omnes
1038 4768 1156 4832 causas,
1180 4756 1247 4819 taur
1268 4769 1398 4833 magnas
1419 4769 1513 4833 qaam
1534 4751 1833 4833 levaveramus

299 4856 358 4935 sui,
380 4853 430 4921 vel
451 4872 530 4937 quos
551 4853 612 4938 ipsi
633 4852 749 4920 iudices
775 4852 816 4919 ad
841 4852 904 4919 boc
925 4852 1102 4936 specialiter
1123 4852 1353 4935 deputaverint,
1380 4852 1572 4920 iudicabunt
1614 4853 1665 4919 Dc
1686 4853 1831 4922 iudicatis

299 4975 372 5024 vero
394 4953 486 5024 rebus
500 4960 533 5023 et
554 4956 690 5023 omnium
712 4955 895 5022 iudiciorum
916 4954 1126 5039 proventibus,
1148 4954 1253 5021 nullus
1274 4955 1399 5020 omnino
1419 4954 1557 5037 adquam
1583 4972 1733 5038 pausum
1758 4972 1831 5037 pcr-

300 5060 420 5127 cionem
441 5063 602 5140 presumat
621 5058 776 5140 accipere,
798 5058 852 5124 sed
873 5057 1024 5141 quidquid
1044 5056 1116 5125 iude
1137 5057 1324 5140 provenerit,
1346 5057 1541 5140 integraliter
1554 5056 1684 5126 arbitrio
1697 5056 1830 5124 mtrem

299 5161 408 5229 redere
428 5164 648 5242 protestamur.
692 5160 740 5227 Ut
764 5166 871 5227 autern
899 5160 1029 5227 donacio
1058 5160 1181 5227 comitis
1209 5159 1355 5226 Dobeslai
1381 5158 1427 5226 sic
1448 5158 1587 5242 legitime
1616 5176 1720 5227 ceram
1740 5156 1830 5226 nobis

299 5262 386 5331 iacta
403 5267 437 5329 et
456 5266 564 5329 nostre
592 5262 749 5331 libertatis
770 5263 936 5344 concessio,
963 5261 1054 5329 firma
1079 5280 1136 5345 per
1161 5278 1218 5329 uos
1241 5266 1274 5328 et
1294 5278 1486 5329 successores
1514 5265 1639 5328 mosmos
1666 5260 1831 5346 perhenni·

300 5369 350 5431 ter
370 5363 563 5446 observetur,
592 5382 719 5448 presens
742 5366 984 5431 instrumentum
1009 5364 1042 5429 in
1070 5363 1283 5431 testimonium
1310 5362 1450 5447 predicte
1475 5362 1582 5431 domui
1608 5362 1648 5431 de
1668 5362 1777 5431 lenda
1797 5367 1833 5429 et

299 5466 449 5533 cambus
469 5465 621 5548 dedimus,
640 5466 736 5551 sigilli
755 5467 855 5533 nostri
872 5466 984 5533 robore
1004 5467 1238 5533 communitum
1281 5465 1396 5533 aetum
1425 5450 1461 5532 in
1489 5464 1579 5532 Kolis
1601 5470 1636 5533 et
1662 5466 1771 5533 datum
1796 5464 1830 5531 in

302 5567 460 5635 cathedra
480 5568 566 5635 beati
586 5566 673 5633 Petri
694 5566 752 5633 sub
774 5586 856 5635 anno
877 5567 1108 5636 incarnacionis
1125 5567 1252 5633 Domini
1272 5565 1361 5633 Meo
1388 5567 1586 5649 nonogesimo
1612 5567 1754 5650 septimo,
1778 5565 1831 5632 ln·

301 5669 438 5737 dictione
460 5668 589 5751 decima,
611 5667 806 5751 presentibus
824 5669 882 5753 bys
905 5669 1051 5736 testibus:
1075 5670 1189 5737 comite
1202 5669 1325 5735 Zavisio
1340 5668 1479 5751 palatino
1494 5667 1682 5765 Syrodierrsi,
1704 5668 1828 5735 domino

296 5772 443 5841 -lohaune
465 5772 648 5840 ancedeus
670 5770 864 5857 iluyavieusi,
887 5773 999 5841 comite
1020 5772 1156 5841 Ubeslao
1176 5772 1325 5855 pincerna
1336 5768 1513 5854 Kelidanai,
1534 5768 1829 5838 comiteblircslavo

1625 5887 1674 5943 17·
