4675 7067
1771 863 1817 957 11

293 1075 453 1152 Abrabam
474 1075 688 1149 thecaurarius
708 1077 908 1148 Gneznensis.
952 1079 1034 1150 heta
1063 1085 1137 1149 sunt
1161 1076 1219 1148 hec
1250 1100 1331 1148 enno
1358 1080 1483 1150 Domini
1510 1082 1598 1150 MCC
1624 1083 1820 1168 nonogesimo

295 1183 397 1267 primo
414 1184 449 1249 in
470 1183 607 1267 Gneuna,
629 1185 733 1252 indie
755 1184 920 1268 virginum
941 1184 1093 1252 Undecim
1112 1186 1242 1250 1111111111.
1290 1198 1291 1202 ’

399 1387 516 1472 Lenda,
539 1392 614 1476 Lod.
657 1389 804 1470 Gloveeo,
831 1394 979 1455 (1111111111.
1023 1389 1157 1472 Slevsco,
1183 1394 1307 1456 suamet.
1354 1390 1536 1473 Ohociczha,
1567 1397 1719 1458 coecum.
1764 1392 1823 1459 Go-
1885 1409 1891 1422 ·

297 1490 401 1574 paino,
423 1495 572 1572 Kopojno.
616 1491 761 1573 Gorcino,
790 1492 932 1573 Gdrczpn.

958 1792 1029 1875 Nr.
1063 1785 1161 1874 679.

399 1984 496 2067 Frat
528 1984 760 2068 Bemhcrdue
796 1985 916 2068 dictus
951 1985 1416 2089 11111111111111111111111
1455 1987 1649 2071 Remorum
1684 1989 1822 2073 milicie

298 2102 882 2205 1111111111119111111,
909 2106 1109 2208 Pomoniep
1138 2107 1340 2208 protestatur,
1375 2145 1409 2192 sc
1438 2127 1542 2192 omma
1566 2127 1657 2210 oona,
1684 2128 1716 2193 m
1741 2132 1826 2193 11111

299 2221 467 2306 0111111111(
490 2224 644 2307 quondam
666 2224 781 2290 educe
802 2224 932 2291 Pmmisl
962 2227 1075 2293 Domui
1102 2230 1151 2294 sui
1180 2229 1305 2295 Ordinis
1331 2231 1454 2310 collate,
1477 2250 1497 2295 e
1517 2231 1654 2297 Iohanne
1683 2233 1824 2315 episcopo

297 2325 502 2393 Poznaniensi
523 2327 736 2395 Theutonicali
750 2329 818 2394 iure
832 2329 1011 2395 collocanda
1031 2331 1193 2414 recepisse,
1216 2332 1390 2399 conditione
1412 2337 1515 2398 tamen
1530 2333 1664 2399 decimes
1679 2333 1826 2402 ecclesiae

297 2427 503 2496 Poznaniensi
524 2430 670 2496 solvendi.

401 2529 535 2598 Poenae.
578 2536 696 2598 Archiv.
731 2538 867 2612 Capituli,
897 2537 960 2599 Lib.
984 2542 1084 2616 1111111.
1108 2540 1143 2611 B,
1166 2540 1220 2602 Nr.
1243 2539 1315 2602 rol.
1338 2573 1382 2584 ——·
1403 2537 1582 2619 Recepti-cti.
1612 2543 1679 2604 Coei.
1708 2544 1825 2620 diplom

301 2635 411 2697 Maior.
440 2633 543 2700 Polou.
567 2638 619 2700 74.

400 2839 437 2904 In
458 2841 582 2906 nomine
603 2839 727 2907 Domini
749 2859 867 2923 amen„
893 2844 1043 2909 horiones
1064 2862 1142 2927 ques
1164 2844 1296 2910 mundus
1319 2845 1444 2911 ordinat
1466 2844 1550 2911 delet
1567 2864 1726 2913 successus
1748 2849 1826 2912 tem·

298 2961 418 3027 porum,
440 2943 500 3008 nisi
522 2943 768 3027 perhennecione
789 2947 1012 3030 scripturarum
1034 2953 1067 3012 et
1087 2965 1161 3012 voce
1176 2949 1303 3014 testium
1325 2949 1478 3030 recipiant
1496 2948 1590 3014 robur
1604 2954 1637 3014 et
1651 2948 1826 3016 firmamen-

299 3052 375 3113 tum.
418 3045 501 3112 Hinc
522 3051 571 3112 est
595 3047 678 3130 quod
707 3066 763 3113 nos
789 3046 887 3114 heter
912 3049 1111 3115 Bemhardus
1139 3049 1241 3114 dictus
1267 3048 1305 3115 de
1333 3050 1488 3130 Evirsten,
1514 3049 1638 3115 humilis
1665 3055 1827 3134 preceptor

300 3147 469 3216 Domorum
490 3150 604 3216 milicie
622 3150 740 3234 Templi
763 3170 819 3234 per
840 3153 1009 3234 Poloniem,
1032 3151 1194 3233 sclaviam,
1223 3151 1345 3219 Novam
1372 3159 1489 3219 terrem
1512 3158 1544 3218 et
1565 3154 1713 3236 magister
1743 3153 1827 3222 curie

300 3251 494 3334 Qonrczams,
516 3270 670 3318 unacum
696 3252 847 3320 fratribus
875 3255 990 3320 nostris
1019 3254 1215 3337 presentibus
1228 3251 1447 3338 ‘protestamur
1468 3261 1500 3320 et
1527 3256 1679 3321 universis
1709 3255 1827 3322 Christi

298 3353 440 3422 fidelibus
461 3356 602 3439 cupimus
623 3375 690 3422 esse
710 3361 819 3423 notum
841 3357 881 3423 ad
903 3376 981 3441 quos
994 3376 1130 3441 presens
1151 3358 1266 3441 pagina
1286 3357 1381 3423 luerit
1402 3357 1556 3438 devoluta,
1578 3358 1660 3441 quod
1683 3375 1739 3424 nos
1763 3377 1828 3425 om·

298 3458 352 3523 nie
371 3458 454 3525 bone
474 3463 592 3540 nostre,
611 3459 643 3523 in
665 3463 751 3526 terra
772 3477 865 3544 quam
886 3460 1034 3526 hebemus
1065 3461 1147 3527 circa
1168 3465 1201 3526 et
1222 3459 1307 3526 ultre
1328 3465 1492 3543 stangnum
1521 3461 1585 3526 sive
1613 3461 1716 3526 lucum
1745 3461 1828 3544 quod

298 3561 472 3628 Drericzka
492 3567 623 3628 vocetur
649 3563 720 3644 site,
742 3583 803 3646 que
825 3570 910 3630 terra
932 3583 1014 3630 nuno
1035 3583 1056 3630 c
1074 3564 1164 3630 nobis
1185 3563 1408 3647 Tempelborch
1438 3568 1644 3646 nuncupetur,
1671 3581 1764 3646 quam
1789 3563 1827 3628 il·

298 3663 407 3730 lustris
428 3665 571 3748 princeps
592 3665 735 3731 dominus
756 3665 887 3732 Premisl
909 3667 973 3732 dux
991 3666 1176 3731 Kalisiensis
1198 3666 1310 3731 Domui
1332 3672 1438 3731 nostre
1462 3665 1594 3731 contulit
1609 3665 1641 3730 in
1656 3665 1827 3732 subsidium

299 3765 394 3834 Terre
413 3773 520 3834 sancte
542 3767 810 3834 lherosolimitene
830 3787 888 3851 pro
909 3770 1011 3834 anime
1032 3789 1087 3835 sue
1109 3788 1296 3852 suorumque
1314 3769 1565 3852 predecessorum
1587 3768 1721 3834 remedio
1743 3768 1825 3836 selu·

300 3869 372 3950 tari,
394 3890 416 3936 c
435 3869 604 3936 venerabili
625 3874 714 3952 petre
736 3876 770 3936 et
791 3871 915 3937 domino
936 3871 1083 3953 Iohanne,
1104 3871 1306 3937 miseracione
1332 3871 1437 3936 divina
1457 3870 1674 3936 Poznnniensis
1701 3870 1828 3938 ecclesie

303 3972 456 4056 episcopo,
479 3977 511 4038 et
531 3992 552 4039 c
573 3991 631 4039 sue
652 3974 792 4072 11111111Ι
802 3991 857 4040 seu
872 3972 1016 4057 Capitulo
1031 3974 1201 4057 recepimus
1220 3973 1433 4039 Theutonicali
1448 3974 1515 4037 iure
1528 3973 1561 4037 in
1576 3991 1633 4038 suo
1648 3973 1827 4058 episcopatu

300 4074 488 4155 collocanda,
511 4074 568 4140 teli
588 4075 766 4142 condicione
791 4076 956 4158 mediante,
984 4083 1021 4142 ut
1041 4082 1113 4161 post
1138 4077 1325 4143 locucionem
1347 4075 1587 4158 uniuscuiusque
1613 4075 1685 4140 ville
1714 4075 1827 4158 elapsis

301 4175 390 4241 annis
408 4175 577 4258 duodecim,
596 4197 616 4243 a
638 4178 777 4261 quolibet
802 4197 909 4245 menso
930 4199 1027 4245 unum
1049 4179 1181 4245 solidum
1210 4177 1529 4260 Brendeborgensium
1559 4177 1765 4259 denariorum,
1795 4183 1828 4244 et

299 4296 362 4344 non
384 4279 464 4361 plus,
488 4279 611 4345 nomine
632 4280 749 4347 decime
771 4280 901 4364 singulis
922 4283 1012 4347 annis
1034 4280 1167 4348 infesto
1191 4281 1274 4348 beati
1296 4281 1426 4348 Martini
1449 4281 1511 4347 iam
1532 4280 1616 4346 dicto
1637 4280 1761 4346 domino
1776 4280 1826 4345 Io·

300 4379 397 4447 hanni
418 4383 562 4465 episcopo
584 4400 700 4466 sueque
722 4385 848 4451 ecclesie
870 4403 926 4450 seu
949 4384 1093 4467 Capitulo
1115 4385 1235 4450 solvere
1255 4384 1437 4464 debeamus;
1467 4401 1504 4449 eo
1527 4387 1664 4466 excepto,
1687 4383 1769 4466 quod
1790 4381 1829 4448 de

301 4483 384 4567 agris
406 4502 483 4568 quos
504 4484 633 4551 colimus
654 4485 788 4569 propriis
805 4484 963 4552 laboribus
985 4491 1018 4552 et
1039 4485 1191 4569 expensis,
1214 4485 1315 4550 nullas
1336 4487 1460 4570 penitus
1489 4486 1623 4552 decimes
1653 4485 1828 4568 persolvere

301 4584 475 4653 debeamus.
520 4587 556 4652 In
578 4589 665 4654 cuius
686 4587 733 4653 rei
754 4586 974 4666 testimonium,
996 4592 1172 4669 presentem
1194 4587 1337 4680 paginam
1360 4587 1459 4652 eidem
1480 4587 1603 4654 domino
1619 4587 1749 4653 Iohanni
1764 4587 1829 4670 cpi·

302 4707 394 4773 scopo
415 4707 531 4773 sueque
553 4689 680 4756 ecclesie
702 4707 758 4754 seu
781 4688 925 4772 Capitulo
946 4689 1096 4771 dedimus,
1118 4690 1216 4757 nostri
1239 4690 1333 4772 sigilli
1353 4691 1522 4757 munimine
1545 4689 1730 4756 roboratam.
1766 4689 1829 4756 Da-

303 4798 369 4857 tum
390 4792 547 4859 Poznanie
567 4812 648 4859 anno
670 4793 796 4859 Domini
816 4791 982 4858 M.CC.XO
1003 4793 1113 4876 primo,
1144 4793 1339 4876 presentibus
1367 4791 1515 4858 iratribus
1543 4793 1673 4859 nostris:
1705 4793 1829 4859 domino

302 4894 436 4962 Henrico
457 4895 555 4963 hntre
576 4895 658 4963 dicto
679 4895 719 4962 de
740 4895 982 4978 Bletlrendorph,
1005 4894 1102 4961 fratre
1123 4895 1270 4962 Fredrico
1285 4895 1368 4961 dicto
1383 4894 1490 4977 Nigro,
1509 4893 1606 4960 fratre
1620 4895 1750 4960 Alberto
1764 4913 1829 4960 ma·

301 4996 400 5080 gistro
419 4999 504 5064 curie
525 4999 558 5064 in
581 4996 693 5080 Crono,
715 4999 769 5082 qui
791 5000 887 5064 eciam
909 5002 1085 5082 presentem
1106 4997 1251 5081 peginam
1273 5015 1343 5064 cum
1365 4997 1550 5080 appensione
1570 4997 1618 5061 sui
1639 4996 1733 5079 sigilli
1747 5014 1830 5061 com·

304 5101 446 5167 munivit.
490 5100 603 5167 detrun
625 5101 701 5167 Idus
719 5100 912 5168 Novembris.

408 5304 497 5372 Nova
517 5309 612 5387 terra,
635 5310 792 5371 Ncumcrlr.
836 5305 1004 5388 Qrmrczen,
1032 5307 1098 5370 dzid
1117 5327 1135 5368 z
1156 5311 1321 5371 cinricclco
1356 5310 1547 5384 Ouorleclrca
1590 5305 1766 5372 Draviczkc
1785 5305 1830 5372 lu-

303 5426 367 5491 cus,
398 5410 465 5473 1111
486 5431 503 5472 z
523 5413 686 5472 nicmieclcc
710 5413 912 5489 1111119811.
956 5407 1188 5492 Tempelborch,
1222 5412 1391 5489 Cchlinct.
1436 5408 1548 5491 Grona,
1573 5409 1700 5490 pdz'nldj
1719 5414 1828 5474 Amce·

303 5515 404 5595 lerorrc,
426 5512 492 5577 11111
512 5515 645 5575 umcros
666 5515 774 5587 Krone,
798 5519 922 5576 1111111111
951 5516 1065 5577 Wclcz.
