4675 7067
524 1089 592 1157 lieri
613 1089 826 1156 mandavimus
847 1095 881 1160 et
902 1090 1001 1158 nostri
1014 1109 1052 1158 oc
1073 1090 1186 1174 prelati
1202 1090 1339 1174 Capituli
1353 1090 1525 1176 sigillcmm
1537 1090 1701 1159 karactme
1719 1091 1909 1159 communiri.
1931 1092 2047 1160 Actum

525 1200 558 1260 et
578 1193 685 1258 dotum
706 1190 834 1256 Gnezm
856 1191 933 1260 lena
955 1193 1052 1258 tercia
1074 1197 1146 1274 post
1172 1192 1285 1258 festum
1307 1193 1432 1267 Pasche,
1459 1212 1540 1258 anno
1558 1194 1684 1259 Domini
1710 1196 1873 1260 millesimo
1894 1200 2048 1260 trecente

524 1295 602 1360 nmo
632 1293 786 1359 tricesimo
812 1294 921 1374 primo,
952 1294 1145 1377 presentibus
1173 1295 1404 1360 honorabilibus
1429 1296 1505 1360 viris
1540 1296 1692 1379 (motum)
1719 1298 1888 1378 preposito,
1916 1295 2047 1361 Nicolao

523 1395 650 1474 decano,
672 1393 839 1460 Vincencio
861 1401 996 1475 cantore,
1018 1395 1182 1460 Bromislao
1202 1395 1428 1476 archidiacono,
1456 1396 1616 1462 Clemente
1633 1398 1806 1478 scolastico,
1835 1397 1972 1462 Iohanne
1991 1415 2046 1461 cu·

523 1497 622 1578 stade,
645 1501 678 1562 et
698 1495 806 1560 multis
827 1495 897 1562 aliis
919 1497 1073 1562 canonicis
1093 1496 1222 1563 ecclesie
1242 1497 1434 1565 Gneznensis
1455 1499 1669 1580 capitulariter
1686 1499 1890 1581 congregatis.

625 1697 802 1780 Brudzewo,
826 1703 996 1764 Brudzcno.
1040 1698 1260 1780 Molochnvicz,
1285 1705 1506 1766 Matocbcmtce.
1549 1700 1662 1783 Wyma
1689 1701 1799 1781 minor,
1834 1705 1926 1782 llyrnc
1952 1705 2045 1765 muta.

524 1802 657 1887 Skrayn,
681 1805 843 1880 Strzprmo.
887 1800 1035 1883 Unyenw,
1064 1801 1200 1879 Unicjdw.
1243 1801 1441 1884 Mamenync,
1465 1808 1629 1867 Marzmtn

1175 2096 1248 2177 Nr.
1281 2093 1406 2178 1117.
1497 2074 1500 2078 ⁸

625 2289 842 2372 Vincentius
869 2288 975 2368 miles
1000 2287 1192 2388 palatinus
1210 2288 1380 2370 Pouenais
1407 2291 1532 2367 1331
1557 2288 1653 2388 hug.
1670 2291 1743 2384 18,
1769 2289 1871 2370 liora
1888 2289 2045 2370 Laudes-

523 2392 627 2492 bem
648 2427 711 2474 nna
731 2426 800 2476 cum
821 2408 886 2472 suis
907 2405 1056 2471 iratribus
1084 2407 1243 2472 Lndovico
1264 2408 1435 2473 marchioni
1457 2408 1497 2472 de
1517 2407 1739 2488 andenbnrg
1758 2408 1923 2488 promittit,
1945 2426 1979 2472 se
1993 2426 2047 2490 pa-

524 2528 590 2576 cem
612 2510 651 2576 ab
673 2509 779 2576 eodem
799 2507 978 2574 marchione
999 2514 1032 2573 et
1051 2527 1124 2591 rege
1143 2507 1292 2575 Polcniae
1311 2508 1426 2575 iactam
1444 2514 1655 2588 servatorum,
1677 2526 1757 2590 qnae
1776 2510 1804 2572 si
1818 2507 2047 2590 infringeretur,

523 2629 557 2678 sc
577 2611 660 2695 porti
680 2609 810 2678 candem
830 2610 968 2676 sementi
988 2609 1140 2674 aumlium
1163 2611 1387 2692 praestiturum
1408 2610 1556 2676 declarat

628 2715 740 2778 Riedet.
789 2715 857 2776 Cod.
880 2715 1058 2790 diplomate.
1081 2715 1361 2790 Brundenbttrpena
1385 2716 1414 2775 B
1433 2715 1464 2793 6,
1482 2732 1515 2791 p.
1536 2714 1587 2776 59.
1629 2711 1771 2796 (chyb).

626 2914 778 2982 Noverint
804 2913 939 2978 universi
967 2913 1157 2995 presentium
1189 2914 1332 2980 notitiam
1363 2913 1511 2995 habituri,
1544 2913 1627 2996 qnod
1665 2931 1723 2980 nos
1749 2912 1932 2979 Vincentius
1958 2913 2048 2980 miles

524 3019 682 3104 palatinus
703 3017 858 3095 Pozensis,
889 3034 951 3080 nna
973 3033 1043 3082 cnm
1071 3015 1220 3082 iratribus
1245 3018 1370 3098 nostris,
1400 3017 1524 3083 domino
1552 3015 1726 3098 Dobergcst
1746 3015 1845 3080 milite
1870 3021 1904 3080 et
1924 3015 2049 3081 'Ibomi-

524 3123 590 3188 slav
608 3120 734 3199 famulo,
762 3117 871 3183 inclito
901 3118 1033 3202 principi
1056 3118 1180 3184 domino
1208 3119 1369 3184 Lodewicc
1391 3118 1561 3184 marchioni
1594 3119 1634 3183 de
1661 3116 1901 3183 Brandenborch
1929 3121 1963 3182 et
1983 3119 2049 3184 suis

524 3221 702 3305 capitaneis,
736 3219 880 3286 videlicet
904 3217 1038 3286 Hassom
1066 3220 1180 3288 seniori
1209 3227 1242 3286 et
1270 3220 1439 3303 Wedegoni
1464 3221 1558 3288 dictis
1586 3220 1625 3286 de
1646 3218 1776 3299 Wedell,
1805 3236 1863 3285 nec
1887 3237 1949 3285 nnn
1970 3219 2049 3286 Bar·

526 3323 633 3389 thaide
653 3321 692 3386 de
716 3320 775 3386 Ost
789 3320 925 3386 eiusdem
946 3321 1062 3386 domini
1084 3322 1271 3388 marchionis
1290 3322 1450 3403 advocato,
1469 3341 1507 3388 ac
1525 3322 1585 3386 toti
1606 3328 1690 3387 terre
1703 3319 1848 3400 marchie,
1870 3320 2049 3386 civitatibus

524 3430 557 3490 et
585 3422 724 3501 vasallis,
759 3419 820 3486 fide
845 3422 920 3488 data
947 3422 1169 3504 promittimus,
1205 3441 1312 3504 pacem
1338 3424 1458 3489 firmam
1487 3421 1604 3504 aheqoe
1637 3421 1721 3488 omni
1738 3422 1810 3487 dolo
1831 3421 2050 3488 inviolabiliter

524 3525 688 3592 observare
716 3528 845 3589 etcum
873 3523 1014 3589 omnibus
1040 3524 1262 3590 munitionibus
1290 3524 1406 3590 nostris
1438 3523 1572 3589 fideliter
1599 3523 1762 3588 deservire
1812 3523 1864 3588 Ita
1894 3524 1987 3605 quod,
2020 3522 2049 3587 si

525 3626 668 3694 dominns
691 3643 744 3713 rer
766 3624 893 3691 Polonie
913 3629 1014 3692 terrm
1033 3625 1149 3692 domini
1176 3625 1363 3692 marchionis
1390 3626 1466 3692 velit
1489 3625 1652 3691 devastare
1676 3628 1733 3691 ant
1758 3624 1954 3706 diqnatenns
1982 3642 2049 3688 mo-

524 3727 647 3807 lestare,
669 3745 726 3809 per
753 3731 877 3792 nostras
910 3726 1096 3794 munitiones
1127 3727 1222 3794 castri
1248 3727 1397 3794 Vellenen
1426 3732 1460 3792 et
1486 3727 1581 3792 castri
1613 3727 1799 3792 Tuernelscn
1827 3727 1990 3792 introitum
2014 3731 2050 3792 et

523 3829 640 3895 exitum
662 3827 721 3892 sibi
742 3827 834 3910 plane
855 3826 1034 3894 debebimus
1054 3827 1222 3910 denegare3
1249 3834 1283 3895 et
1304 3848 1322 3895 e
1345 3845 1492 3894 convemo
1512 3828 1637 3894 domm
1658 3827 1829 3893 marchioni
1849 3827 1932 3893 idem
1954 3827 2049 3894 facie·

524 3949 603 4010 mus,
625 3930 653 3994 si
670 3929 764 3996 vellet
785 3935 884 3994 terras
904 3929 1020 3995 domini
1043 3930 1124 4012 regis
1146 3931 1272 3996 Pclcnie
1299 3931 1496 4012 aliquatenus
1523 3927 1680 4010 impedire.
1724 3928 1759 3994 Si
1781 3935 1886 3996 autem
1909 3927 2049 4012 prelatus

524 4051 579 4098 rex
600 4030 726 4098 Polonic
747 4049 802 4113 per
820 4030 898 4096 alias
918 4031 986 4096 vias
1002 4036 1060 4096 aut
1079 4031 1266 4098 munitiones
1281 4037 1381 4097 terras
1394 4031 1511 4096 domini
1528 4029 1715 4096 marchionis
1732 4031 1881 4113 sepedicti
1902 4035 2048 4113 potenter

523 4132 708 4212 introiverit,
742 4138 855 4198 extunc
886 4132 987 4214 ipsum
1010 4131 1168 4197 dominnm
1192 4132 1400 4199 marchionem
1424 4137 1457 4198 et
1484 4150 1556 4198 suos
1578 4133 1721 4212 vasallos,
1752 4150 1822 4198 cum
1842 4133 1959 4198 nonnis
1980 4151 2048 4197 mn-

523 4234 692 4302 nitionibus
714 4251 752 4298 ex
772 4233 834 4297 ista
855 4237 944 4314 pnrte
968 4232 1052 4298 fluvi
1074 4230 1174 4298 Nelze
1201 4235 1307 4299 iovem
1327 4232 1484 4314 debemus,
1512 4233 1675 4299 intmitnm
1703 4238 1737 4298 ct
1757 4233 1876 4298 exitum
1893 4234 1970 4315 ipsis
1990 4233 2048 4298 mi·

523 4335 694 4402 nistrando.
738 4333 817 4398 Item
839 4333 931 4414 quod,
954 4334 981 4398 si
1002 4333 1099 4414 nobis,
1123 4334 1267 4400 Vicentic
1297 4341 1330 4400 ct
1350 4333 1499 4400 iratribus
1518 4336 1644 4414 nostris,
1673 4334 1817 4401 dominus
1844 4352 1899 4399 rer
1922 4334 2049 4400 Polonie

524 4437 730 4519 calumpniam
751 4440 808 4500 ant
829 4434 973 4500 iniuriam
995 4435 1131 4517 aliquam
1151 4435 1262 4502 fecerit
1280 4442 1337 4501 aut
1358 4436 1473 4502 nostris
1498 4435 1616 4515 amieis,
1645 4453 1702 4517 pro
1723 4454 1784 4529 qno
1807 4434 1944 4501 eiusdem
1967 4437 2048 4518 regis

524 4536 652 4603 Polonie
672 4535 788 4601 inimici
818 4536 1028 4617 existeremus,
1057 4541 1131 4602 tunc
1156 4554 1226 4602 cum
1255 4537 1396 4602 omnibus
1423 4538 1539 4603 nostris
1564 4537 1788 4604 munitionibus
1814 4538 1938 4604 dominc
1967 4555 2048 4602 mar·

525 4636 628 4704 chicni
656 4635 803 4702 adherere
829 4636 989 4720 debemus,
1016 4639 1133 4704 nullam
1165 4639 1359 4704 concordiam
1391 4644 1448 4704 aut
1476 4639 1702 4705 ordinationem
1733 4657 1802 4706 cum
1831 4639 1955 4705 domino
1975 4657 2048 4722 rege

524 4737 651 4804 Polonie
670 4735 818 4818 iaciendo,
841 4738 938 4804 donec
958 4737 1053 4804 fuerit
1073 4757 1111 4805 ex
1134 4740 1233 4823 ipsius
1253 4741 1370 4806 domini
1397 4740 1583 4807 marchionis
1616 4741 1784 4806 voluntate.
1827 4740 1866 4805 In
1894 4741 1981 4806 cuins
2001 4741 2048 4806 rei

524 4839 744 4920 testimoninm,
767 4846 941 4922 presentem
963 4842 1083 4907 literam
1106 4843 1222 4908 noshis
1245 4843 1355 4925 sigillis
1376 4843 1521 4908 duximus
1542 4841 1792 4909 confirmandam.
1824 4843 1940 4908 Datum
1959 4842 2050 4909 Nova

524 4940 800 5110 ffiegfflie
828 4942 981 5009 dominico
1001 4943 1141 5026 proximo
1166 4950 1238 5027 post
1258 4945 1512 5027 Assumptionem
1538 4949 1646 5010 sancte
1673 4944 1783 5025 blame,
1815 4961 1897 5009 anno
1923 4942 2048 5009 Domini

627 5244 787 5325 Vellcnen,
823 5245 942 5310 Wteteel.
989 5246 1185 5327 Tzemekcw,
1220 5247 1392 5313 damntdm
1443 5247 1532 5312 Flnn
1563 5247 1671 5327 lictae,
1704 5248 1796 5312 Notec'
1815 5253 1917 5313 rectu.
1960 5248 2050 5315 Nova

525 5341 733 5428 Laudesherg,
755 5348 927 5423 Leucaten
947 5345 990 5430 al
996 5350 1040 5414 W.
1066 5350 1193 5445 ‘Wieroz
1215 5353 1237 5410 6
1257 5354 1298 5412 cd
1316 5354 1401 5429 dom,
1419 5369 1495 5413 zona.
1518 5349 1730 5429 exhteremns,
1744 5369 1765 5412 u
1780 5353 1885 5414 lttedte
1905 5350 2047 5414 existere
