4675 7067
1176 1113 1247 1195 Nr.
1294 1107 1419 1196 1073

639 1307 829 1388 Ieuioleus
841 1328 871 1388 s
890 1305 1085 1386 durannus
1108 1307 1254 1387 ecclesie
1271 1307 1564 1408 archiepiscopus
1582 1312 1717 1387 1326
1735 1306 1830 1409 Sept
1849 1313 1890 1406 7,
1908 1309 2077 1411 Zueyn03

540 1426 686 1493 Iacobum
707 1425 934 1508 presbyterum,
956 1424 1104 1490 eccclesiae
1125 1425 1157 1490 in
1179 1425 1321 1508 Kofdrpb
1341 1425 1482 1506 praeficit
1502 1433 1664 1491 rectorem.

645 1532 782 1591 Gntezno.
825 1531 943 1590 Archia
973 1531 1149 1591 semermi
1173 1533 1329 1606 Metropol.
1355 1537 1389 1592 A.
1419 1534 1447 1591 C.
1470 1535 1544 1592 anni
1565 1533 1659 1594 1419.

640 1731 678 1794 ln
697 1730 821 1795 nomine
841 1730 965 1795 Domini
987 1748 1086 1794 amen.
1129 1729 1196 1794 Nos
1218 1730 1379 1811 Iunislans,
1409 1731 1513 1798 divina
1532 1738 1566 1798 et
1591 1733 1760 1814 apostolice
1790 1731 1878 1797 Sedis
1907 1733 2076 1816 providen-

540 1833 588 1897 cia
609 1836 716 1896 sancte
737 1831 927 1896 Gneznensis
947 1829 1075 1895 ecclesie
1101 1830 1360 1913 archiepiscopus,
1390 1839 1498 1898 notum
1519 1833 1649 1899 facimus
1674 1834 1826 1899 universis
1848 1834 1888 1900 ud
1916 1853 1995 1917 quos
2016 1835 2074 1901 de

539 1935 659 1999 venerit
678 1933 829 2013 scriptum
847 1951 983 2013 presens,
1005 1931 1089 2013 quod
1110 1932 1151 1997 ad
1173 1934 1357 2014 peticionem
1379 1935 1491 2000 nobilis
1513 1936 1572 1999 viri
1593 1935 1763 2016 Benyumin
1791 1934 1914 2000 heredis
1935 1935 1975 2002 de
1997 1935 2075 2002 Col-

538 2033 659 2113 dramb,
680 2033 721 2098 ud
740 2052 833 2114 quem
865 2035 914 2097 ius
934 2039 1120 2116 patronatus
1152 2034 1281 2099 ecclesie
1309 2034 1421 2101 ibidem
1443 2036 1475 2101 in
1509 2036 1676 2102 Coldramb
1706 2036 1878 2101 dinoscitur
1903 2038 2074 2120 pertinere,

408 2210 410 2215 ,
539 2135 685 2201 Iucobum
706 2134 931 2217 presbyterum,
960 2133 1164 2199 exhibitorem
1194 2136 1396 2216 presencium,
1426 2136 1465 2202 de
1487 2137 1593 2203 ecdem
1620 2139 1652 2202 in
1683 2137 1849 2204 Coldramb
1870 2138 2009 2219 ecclesia,
2033 2139 2076 2205 de

540 2239 608 2302 iure
621 2242 655 2302 et
675 2236 714 2300 de
735 2234 818 2300 facto
831 2242 1003 2316 vacantem,
1019 2235 1231 2300 investivimus
1251 2243 1283 2301 et
1298 2243 1405 2302 tenore
1419 2241 1613 2319 presencium
1628 2239 1819 2319 investimus,
1840 2241 2075 2306 committentes

540 2339 600 2404 sibi
621 2340 655 2402 in
676 2336 852 2402 huiusmodi
872 2337 1002 2402 ecclesia
1029 2337 1331 2402 administracionem
1363 2339 1571 2418 spiritualium
1600 2347 1632 2406 et
1656 2341 1882 2421 temporalium,
1910 2359 2017 2406 curam
2040 2347 2076 2406 et

541 2441 678 2522 reghinen
700 2440 826 2521 insuper
846 2440 1037 2504 accedentes.
1082 2439 1118 2502 Iu
1141 2438 1234 2502 huius
1251 2439 1296 2503 rei
1312 2440 1534 2519 testimonium,
1556 2448 1715 2523 presentes
1736 2440 1795 2505 sibi
1810 2440 1950 2506 dedimus
1971 2444 2076 2508 nostri

540 2541 634 2624 sigilli
654 2542 841 2625 appensione
864 2542 1009 2606 munitas.
1054 2541 1170 2605 Datum
1193 2540 1316 2622 Zueyne
1336 2542 1368 2606 in
1390 2543 1496 2623 vigilia
1518 2542 1700 2608 Nativitatis
1722 2549 1828 2609 sancte
1858 2544 1967 2624 hfaric,
1989 2565 2076 2612 anuo

540 2644 667 2709 Domini
688 2645 851 2709 millesimo
874 2643 1023 2709 CCCXX
1042 2649 1140 2709 sexto.

644 2847 820 2928 Coldramb,
845 2851 986 2933 lfoldrpb.
1032 2848 1168 2929 Znepne,
1192 2837 1278 2912 Z'nin.

1185 3144 1257 3226 Nr.
1303 3140 1428 3226 1074.

642 3336 825 3418 Iohannes
852 3337 913 3438 Pp.
932 3337 1044 3418 XXII
1071 3341 1205 3416 1827
1231 3338 1337 3419 Mart
1356 3346 1393 3435 1,
1411 3337 1611 3432 heimone
1632 3355 1758 3419 mannae
1787 3354 1950 3434 iudicibus,
1974 3360 2020 3434 nt,
2040 3355 2074 3418 in

541 3474 634 3537 quem
654 3456 757 3520 locum
785 3456 944 3521 meliorem
965 3456 1054 3520 sedes
1083 3457 1267 3538 episcopalis
1301 3456 1492 3522 Lubucensis
1520 3456 1681 3522 transferri
1710 3459 1819 3539 possit,
1846 3475 1880 3521 se
1907 3456 2075 3521 informent

542 3563 575 3622 et
597 3557 742 3623 referant

647 3663 780 3731 Μάνιον,
806 3663 998 3724 Mammea
1019 3664 1119 3722 be'stor.
1140 3666 1280 3724 Polonfue
1303 3665 1329 3735 I,
1351 3664 1429 3725 378.

644 3845 797 3910 lohannes
828 3847 990 3928 episcopus
1027 3865 1134 3911 servus
1166 3865 1322 3912 servornm
1353 3847 1411 3911 Dei
1448 3845 1673 3912 venerabilibus
1702 3845 1850 3911 frutribus
1866 3895 1874 3910 .
1890 3893 1898 3908 .
1914 3894 1945 3909 ..
1972 3844 2074 3909 archi-

542 3947 686 4028 episcopo
708 3946 882 4011 Gneznensi
913 3955 945 4011 et
962 3998 992 4011 ..
1016 3948 1160 4029 episcopo
1187 3966 1223 4012 uc
1251 3948 1372 4012 dilectis
1400 3947 1472 4011 filiis
1502 3947 1646 4029 Capitnlo
1673 3946 1915 4025 Lubucensibus,
1940 3946 2073 4011 salutem

541 4056 574 4114 et
594 4049 795 4130 apostolieum
817 4048 1071 4113 benedictionem.
1116 4049 1187 4113 Non
1210 4050 1276 4114 sine
1299 4051 1411 4113 mentis
1432 4049 1619 4129 turbatione,
1643 4056 1674 4113 te
1695 4048 1792 4113 frater
1814 4050 1957 4130 episcope
1978 4049 2074 4130 signi·

544 4150 666 4229 fionute,
689 4150 892 4232 percepimus,
915 4150 998 4228 qnod
1021 4151 1156 4213 universi
1187 4151 1338 4214 incolcet
1367 4149 1559 4215 habitatores
1581 4152 1652 4216 ville
1683 4152 1708 4214 F
1710 4150 1988 4215 muhenvordeusis
2012 4150 2074 4215 Lu·

541 4253 685 4318 bucensis
706 4252 848 4329 diocesis,
871 4250 1053 4331 perditionis
1074 4250 1140 4328 filii,
1173 4252 1218 4314 tui
1241 4251 1382 4332 episcope
1411 4257 1443 4314 et
1466 4252 1593 4317 ecclesie
1616 4252 1807 4318 Lubucensis
1836 4252 1985 4333 capitales
2004 4271 2074 4333 per-

543 4361 703 4419 secutores
724 4360 756 4417 et
778 4353 893 4431 hostes,
916 4352 955 4416 ab
974 4352 1048 4416 olim
1070 4353 1220 4417 nonnulla
1241 4353 1323 4418 boue
1344 4351 1464 4434 prefate
1486 4354 1614 4418 ecclesie
1635 4372 1786 4436 occupare
1814 4361 1845 4419 ct
1865 4353 2020 4432 invadere,
2042 4360 2075 4418 et

543 4463 694 4536 occupata
712 4461 745 4518 et
766 4455 874 4518 invasa
893 4453 1032 4518 detinere
1053 4460 1307 4536 presumpserunt
1322 4454 1449 4535 propria
1471 4456 1647 4519 temeritate
1669 4462 1701 4519 et
1716 4463 1909 4536 presumunt,
1931 4455 2075 4537 quodque

544 4555 667 4620 noviter
688 4552 801 4637 prefati
824 4554 931 4634 incole,
953 4556 1113 4620 associatis
1132 4554 1192 4620 sibi
1220 4555 1375 4620 nonnullis
1404 4555 1473 4619 alhs
1495 4556 1677 4637 perditionis
1703 4555 1776 4620 filiis
1802 4558 1937 4638 pertium
1959 4557 2075 4623 vicina-

543 4676 622 4736 rum,
641 4656 682 4721 ud
703 4654 856 4737 prefatam
878 4655 1090 4722 Lubucensem
1120 4658 1280 4722 ecclesiam
1310 4675 1388 4721 ausu
1417 4657 1566 4738 nephario
1595 4657 1786 4736 accedentes
1817 4657 1956 4721 eamdem
1977 4657 2074 4722 eccle

542 4760 620 4824 siam
642 4759 770 4840 eiusque
789 4758 909 4822 edificia
930 4760 1044 4838 omniu,
1068 4766 1230 4841 totumque
1259 4760 1359 4824 locum
1381 4759 1433 4822 ubi
1455 4767 1523 4823 erat
1546 4759 1686 4840 predicta
1706 4759 1835 4824 ecclesio
1856 4760 1982 4838 situata,
2002 4757 2072 4823 fun·

542 4862 627 4925 ditus
642 4861 814 4940 diruerunt,
837 4870 872 4926 ut
887 4863 991 4925 nullus
1009 4862 1153 4944 deinceps
1176 4862 1251 4926 inibi
1270 4869 1462 4926 moraretur:
1486 4862 1593 4942 sicque
1615 4868 1651 4925 tu
1666 4859 1762 4925 frater
1784 4862 1925 4942 episcope
1951 4866 1984 4925 et
2004 4878 2075 4942 pre·

543 4965 610 5030 fate
633 4965 771 5044 ecclesia,
791 4983 810 5028 a
832 4965 897 5029 solo
918 4964 1043 5045 proprio
1065 4963 1198 5045 profugi,
1221 4964 1440 5045 compellimini
1463 4963 1598 5027 exulare.
1644 4961 1724 5026 Cum
1746 4968 1861 5042 autem,
1891 4963 1972 5027 sicut
1991 4979 2075 5025 asse

544 5069 634 5146 ritur,
657 5069 689 5131 in
711 5067 851 5147 predicta
872 5066 986 5131 diocesi
1009 5072 1114 5147 preter
1135 5064 1289 5147 prefatam
1311 5065 1415 5130 villum
1439 5064 1775 5142 ankenvordensem,
1800 5064 1886 5127 cuius
1907 5065 2016 5144 incole,
2038 5071 2075 5128 ut

543 5167 707 5249 prefertur,
731 5172 804 5231 sunt
826 5167 872 5230 tui
901 5168 1043 5248 episcope
1065 5176 1097 5231 et
1126 5166 1246 5248 prefate
1268 5168 1395 5232 ecclesie
1428 5167 1576 5248 ospitales
1610 5171 1822 5247 persecutores
1851 5174 1882 5228 et
1918 5165 2023 5230 hostes
2043 5173 2076 5230 et

544 5267 669 5334 fuerunt
690 5270 785 5334 etiam
808 5268 848 5333 ab
869 5268 1007 5350 antiquo,
1038 5287 1101 5332 non
1130 5270 1170 5333 sit
1194 5270 1305 5350 aliquis
1334 5271 1420 5334 locus
1445 5275 1538 5350 aptus
1568 5275 1600 5330 et
1629 5273 1726 5346 tutus,
1755 5266 1795 5331 ad
1819 5285 1910 5348 quem
1937 5268 2077 5348 predicta

544 5371 724 5435 ecclesiast
747 5371 929 5452 episcopalis
948 5371 1035 5435 sedes
1055 5370 1245 5437 Lubucensis
1266 5380 1333 5437 tute
1361 5372 1463 5436 valeat
1493 5367 1653 5434 transferri
1681 5376 1713 5432 et
1736 5369 1767 5431 in
1799 5388 1835 5434 eo
1857 5369 2015 5433 commode
2036 5369 2077 5431 si-

545 5474 637 5552 tuari,
659 5472 735 5553 quin
761 5473 970 5553 predictorum
999 5472 1134 5538 hostium
1160 5474 1353 5554 aliorumque
1386 5472 1554 5555 predonum
1589 5471 1736 5536 continno
1769 5471 1904 5536 incursui
1932 5478 1964 5536 et
1986 5471 2077 5534 dissi·

544 5574 663 5655 petioni
685 5579 842 5654 paterent:
873 5581 909 5637 tu
940 5573 1078 5655 predicte
1109 5575 1252 5656 episcope
1279 5574 1438 5639 humiliter
1469 5573 1660 5654 supplicasti,
1684 5572 1741 5637 tibi
1774 5580 1804 5638 et
1827 5573 1926 5638 eidem
1948 5573 2076 5639 ecclesie

544 5694 637 5759 super
656 5677 714 5740 hoc
735 5695 791 5758 per
812 5677 981 5756 apostohce
1009 5676 1097 5740 Sedis
1125 5677 1354 5757 providenciam
1385 5677 1424 5740 de
1453 5683 1606 5756 oportuno
1636 5676 1771 5741 remedio
1800 5673 1964 5738 subreniri.
2008 5675 2075 5740 Nos
