4675 7067
980 1192 1052 1277 Nr.
1084 1188 1183 1275 881.

415 1389 543 1472 Petrus
556 1386 659 1469 illius
673 1352 815 1470 dicolai
829 1388 872 1469 de
887 1386 1026 1492 hlynno
1045 1385 1255 1490 subdapiter
1274 1335 1480 1489 &adiens
1497 1390 1634 1468 1304
1650 1386 1750 1468 Febr.
1767 1391 1836 1485 21,

312 1509 354 1590 in
380 1506 557 1611 Uilyeoll3
582 1530 751 1592 commutat
764 1522 969 1591 hereditatem
990 1542 1078 1591 suam
1100 1524 1268 1610 Grablrdvv,
1291 1543 1360 1590 cum
1383 1524 1456 1589 villa
1475 1524 1622 1591 ecclesiae
1636 1523 1836 1605 Gnennensis,

312 1628 397 1695 Ma
417 1626 560 1797 wazo.
605 1734 721 1797 aare.
749 1735 879 1811 Capituli
901 1736 1058 1811 Metropol.
1081 1732 1144 1796 Lib.
1161 1734 1260 1809 privil
1283 1734 1319 1793 X
1322 1733 1351 1793 V
1361 1749 1419 1797 sec.
1440 1734 1493 1809 sol.
1515 1732 1558 1793 80
1574 1751 1599 1793 o.

415 1936 452 2002 In
470 1936 593 2003 nomine
614 1936 738 2003 Domini
760 1954 859 2003 amen.
904 1935 1055 2015 Quoniam
1075 1934 1189 2001 oblivio
1208 1940 1310 2002 mater
1338 1936 1451 2001 erroris
1477 1934 1639 2001 materiam
1667 1935 1837 2017 iurgiorum

312 2040 462 2123 importat
483 2044 515 2105 et
536 2039 720 2123 plerumque
740 2038 900 2106 consuevit
913 2044 1071 2121 gestorunn
1086 2036 1225 2104 ordinem
1238 2036 1371 2118 abolere,
1394 2038 1569 2121 sapientum
1583 2038 1719 2103 decrevit
1732 2044 1837 2105 aucto

312 2142 400 2224 ritas,
423 2160 461 2208 ea
482 2142 591 2224 scripti
609 2142 786 2208 testimonio
804 2146 999 2224 posterorum
1020 2140 1134 2206 noticie
1155 2140 1378 2206 commendare.
1408 2140 1475 2223 Ego
1497 2140 1603 2234 itaque
1624 2140 1735 2206 Petrus
1756 2139 1839 2207 filius

312 2244 435 2313 Nicolai
456 2246 494 2311 de
516 2245 649 2329 Glynno,
671 2244 850 2327 subdapifer
868 2243 1072 2327 Syradiensis,
1095 2248 1204 2309 notium
1224 2242 1304 2309 facio
1319 2243 1471 2308 universis
1493 2242 1687 2325 presentibus
1708 2249 1742 2309 et
1755 2242 1840 2309 futu·

313 2348 357 2413 ris
378 2347 418 2413 ed
439 2366 516 2431 quos
538 2347 715 2431 pervenerit
732 2365 858 2431 presens
880 2347 1039 2429 scriptum,
1062 2344 1145 2428 quod
1165 2344 1273 2412 habita
1294 2345 1519 2412 deliberacione
1540 2343 1705 2411 sufficienti
1726 2351 1758 2412 et
1774 2365 1839 2413 ma-

314 2454 395 2532 tina,
418 2449 586 2516 venerabili
608 2450 640 2514 in
664 2448 788 2515 Christo
809 2449 893 2532 putri
915 2449 1038 2515 donnno
1060 2448 1171 2515 Iacobo
1194 2449 1384 2515 Gneznensis
1406 2449 1533 2516 ecclmie
1560 2448 1789 2532 archiepiscopo
1808 2454 1841 2515 et

226 2578 230 2593 ·
313 2551 412 2619 eidem
434 2553 570 2633 ecclesie,
592 2552 795 2619 hereditatem
814 2566 915 2619 meam
936 2552 1050 2619 dictam
1073 2552 1294 2635 Grabkovicne,
1322 2573 1391 2620 cum
1423 2552 1485 2619 alia
1505 2552 1612 2619 villula
1641 2572 1735 2636 qnam
1756 2553 1841 2619 intra

313 2660 412 2722 metas
442 2656 578 2722 eiusdem
605 2655 787 2722 hereditatis
817 2656 1030 2722 Grabkovicae
1056 2675 1155 2739 nuper
1183 2656 1291 2738 locavi,
1327 2656 1451 2723 nomine
1476 2655 1535 2721 sibi
1563 2674 1580 2721 e
1606 2674 1675 2723 meo
1707 2656 1839 2736 nomine,

311 2758 456 2842 Pyotrou
476 2758 629 2839 videlicet,
650 2757 845 2841 imponendo,
868 2759 906 2825 de
928 2776 1080 2825 consensu
1100 2758 1235 2825 filiorum
1256 2777 1406 2839 meorum,
1430 2758 1505 2824 licet
1523 2756 1563 2822 ad
1586 2756 1644 2824 hoc
1658 2756 1777 2822 nullum
1792 2757 1839 2822 ius

312 2860 505 2943 habencium,
528 2879 597 2935 cum
619 2861 747 2927 eandem
769 2862 847 2927 meis
869 2860 989 2926 meritis
1011 2860 1170 2926 habuerim
1197 2860 1392 2941 deservitum,
1414 2878 1470 2943 per
1490 2864 1682 2926 contractum
1706 2878 1841 2926 commu-

313 2963 444 3029 tacionis
465 2962 581 3028 tradidi
602 2980 672 3029 cum
694 2962 837 3030 omnibns
859 2963 924 3027 suis
953 2963 1152 3045 pertinenciis
1182 2968 1215 3030 et
1251 2962 1449 3044 utilitatibus
1476 2981 1536 3045 que
1560 2963 1593 3029 in
1621 2964 1714 3045 agris,
1744 2962 1839 3044 silvis,

313 3065 413 3148 pratis
434 3070 510 3130 sunt
529 3070 562 3130 et
583 3082 651 3131 esse
671 3071 819 3148 poterunt
840 3065 872 3131 in
894 3064 1043 3147 lutmum,
1066 3065 1161 3132 nichil
1182 3065 1259 3132 meis
1280 3064 1444 3131 heredibus
1466 3070 1499 3130 et
1519 3064 1613 3130 michi
1633 3064 1710 3131 iuris
1723 3063 1772 3130 vel
1786 3064 1841 3130 do-

313 3165 401 3231 minii
418 3166 595 3249 rehnqueus
618 3166 741 3249 ibidem,
764 3174 797 3233 et
818 3168 1004 3251 promittens
1025 3168 1125 3234 eidem
1151 3167 1318 3234 venerabili
1347 3168 1431 3251 patri
1453 3172 1486 3233 et
1505 3166 1635 3233 ecclesie
1656 3166 1839 3249 Gneanensi,

312 3267 351 3333 de
369 3268 531 3350 edocione,
554 3268 581 3333 si
602 3268 635 3335 in
653 3274 721 3334 toto
744 3269 793 3335 vel
812 3270 845 3335 in
862 3274 953 3355 parte
970 3272 1073 3354 ipsum
1094 3270 1209 3337 ibidem
1227 3270 1353 3353 aliquod
1375 3271 1543 3353 dampnum
1557 3270 1624 3355 pati
1638 3271 1839 3354 contingeret,

312 3368 507 3453 indempnem
535 3370 635 3436 modis
657 3371 799 3437 omnibus
825 3390 1013 3440 conservare.
1061 3374 1251 3458 Apredicto
1279 3380 1384 3439 autem
1412 3379 1503 3456 patre
1529 3372 1696 3440 venerabih
1726 3377 1759 3439 et
1783 3391 1840 3440 suo

313 3470 457 3556 Capitulo
478 3474 581 3555 recepi
602 3491 659 3556 per
679 3476 953 3542 commutacionem
975 3495 1033 3560 pro
1055 3494 1104 3542 me
1125 3482 1158 3544 et
1179 3477 1256 3543 meis
1277 3475 1452 3557 heredibus,
1474 3475 1541 3542 loco
1563 3474 1702 3558 predicte
1720 3475 1840 3541 heredi-

313 3580 388 3645 tatis
409 3577 631 3660 Grablrovicue,
653 3578 859 3647 hereditatem
880 3580 1007 3647 ecclesie
1029 3581 1144 3647 dicum
1166 3578 1338 3646 Trandowo
1359 3578 1497 3660 inierim,
1527 3578 1621 3645 sitam
1643 3578 1675 3643 in
1698 3578 1841 3645 astella

313 3682 365 3747 nia
386 3680 634 3765 Spicaimiriensi,
654 3688 749 3766 prout
768 3689 816 3749 est
837 3702 920 3749 nunc
942 3701 998 3766 per
1012 3685 1139 3751 nuncios
1153 3682 1339 3749 venerabihs
1353 3683 1453 3765 patris
1467 3682 1532 3747 suis
1551 3681 1681 3765 gadibus
1695 3681 1839 3763 limitata,

313 3790 345 3851 et
366 3784 571 3869 quadraginta
593 3802 716 3851 marcas
739 3786 870 3867 argenti,
893 3804 970 3869 quas
992 3787 1055 3850 iam
1077 3784 1225 3851 confiteor
1245 3803 1295 3849 me
1324 3783 1447 3849 habere.
1493 3784 1620 3850 Tradidi
1648 3785 1746 3850 eciam
1772 3803 1841 3867 pre-

312 3886 396 3953 dicto
422 3886 592 3953 venerabili
617 3888 700 3969 patri
730 3887 923 3971 privilegium
950 3906 1044 3971 snper
1074 3887 1158 3953 dicta
1189 3886 1362 3953 hereditate
1390 3885 1603 3953 Grnbkovioue
1631 3886 1714 3969 quod
1736 3886 1840 3969 habui,

298 3996 406 4071 'super
427 3987 518 4055 tidem
540 4008 643 4055 meam
665 3989 826 4073 recipiens,
849 3990 932 4074 quod
955 3990 1074 4056 nullum
1095 3988 1181 4057 aliud
1203 3988 1299 4055 habui
1317 4007 1373 4055 neo
1395 3988 1507 4070 habe03
1537 3994 1570 4055 et
1591 3990 1618 4055 si
1638 3989 1764 4073 aliquod
1785 4009 1841 4073 per

313 4090 487 4174 quempiam
509 4092 541 4156 in
564 4100 723 4174 posterum
745 4094 938 4177 contingeret
960 4093 1108 4175 exhiberi,
1131 4112 1188 4176 pro
1208 4092 1288 4159 lalso
1311 4097 1344 4159 et
1366 4092 1451 4158 nullo
1472 4092 1603 4158 iudicari
1620 4092 1722 4159 debet.
1766 4093 1842 4159 Pro·

313 4195 405 4260 mitto
426 4194 560 4277 insuper,
583 4194 666 4277 quod
688 4213 778 4262 omne
800 4198 848 4262 ius
870 4202 903 4262 et
924 4198 1087 4263 servicium
1109 4197 1219 4265 ducale
1240 4196 1281 4262 ad
1307 4214 1367 4278 que
1397 4195 1524 4262 wnebar
1552 4195 1591 4261 de
1617 4192 1840 4277 Grablrovicze,

313 4296 383 4364 volo
405 4296 582 4379 impendere
603 4297 642 4363 de
663 4297 824 4364 Trandovo
846 4301 982 4382 ducatui,
1009 4306 1042 4367 et
1066 4302 1135 4367 iura
1163 4300 1291 4367 ecclesie
1314 4300 1401 4366 salva
1426 4304 1606 4365 remaneant
1624 4317 1717 4384 super
1742 4297 1841 4367 Grab

313 4398 393 4481 hou,
419 4418 488 4467 cum
511 4399 601 4467 umbe
622 4400 811 4467 hereditates
832 4402 970 4484 predicte
990 4403 1055 4468 sint
1075 4404 1136 4468 site
1156 4404 1190 4468 in
1211 4402 1318 4469 eodem
1339 4401 1474 4468 dominio
1496 4407 1530 4468 et
1549 4401 1704 4469 districtu.
1736 4402 1774 4468 In
1788 4421 1841 4469 cu·

312 4502 360 4567 ius
388 4503 434 4568 rei
468 4503 694 4583 testimoniiun,
726 4508 886 4586 presentes
913 4505 1036 4571 litteras
1072 4505 1174 4588 sigillo
1202 4524 1271 4572 meo
1298 4506 1403 4571 censui
1428 4504 1616 4589 sigillandas.
1667 4507 1781 4572 Actum
1808 4507 1842 4571 in

313 4602 450 4687 Unyeow
473 4624 554 4672 anno
576 4606 701 4673 Domini
720 4604 931 4687 mccunn,
955 4606 987 4671 in
1008 4606 1114 4689 vigilia
1134 4606 1219 4673 beati
1244 4606 1329 4673 Petri
1356 4606 1520 4690 Cathedra,
1546 4608 1755 4691 presentibus:
1785 4608 1841 4673 Ni-

313 4705 399 4772 oolao
427 4705 598 4791 Calisiensi,
630 4706 786 4775 Stanislao
817 4707 1026 4791 Unyeoviensi
1054 4707 1290 4790 archidiaconis,
1317 4709 1455 4776 Iohanne
1484 4710 1612 4776 custode
1639 4709 1840 4793 Lanciciensi,

312 4807 472 4891 Ninogneo
492 4810 532 4876 de
553 4810 710 4895 Lipnicza,
737 4810 892 4877 Smnhlao
922 4810 961 4876 de
986 4809 1177 4877 Tarandowo
1205 4810 1371 4893 mihtibns,
1398 4810 1550 4877 Pn'bislao
1579 4810 1782 4895 thesaurario,
1809 4818 1841 4879 et

312 4910 382 4976 aliis
403 4911 544 4994 pluribus
565 4914 733 4998 capellanis
755 4919 788 4981 et
808 4912 970 4980 militibus.

414 5115 547 5201 Glynno,
581 5122 695 5185 stram.
739 5119 960 5201 Grablrovicae,
997 5118 1148 5205 multon.
1201 5120 1356 5203 PyotroW,
1387 5124 1481 5184 modo
1504 5123 1618 5186 ralia
1667 5118 1838 5187 Trandovo

312 5217 449 5401 ἓξὲξ,
476 5218 583 5307 quta
605 5225 702 5302 domu.
746 5221 1012 5306 Spicaimiriensis,
1044 5227 1080 5288 de
1110 5227 1276 5302 Spioimirz.
1320 5221 1468 5307 Unyeou,
1502 5223 1639 5301 mota.
1684 5222 1840 5307 Iipnicaa,
