4675 7067
601 772 676 905 aaa

601 1031 688 1098 cuius
708 1030 754 1096 rei
778 1029 997 1111 testimonium,
1020 1025 1216 1113 presentibus
1237 1025 1373 1111 sigillum
1394 1032 1500 1093 nostre
1521 1024 1657 1093 civitatis
1678 1027 1816 1110 predicte
1842 1024 1990 1095 duximus
2018 1039 2152 1110 appen-

599 1132 742 1198 dendum.
786 1133 900 1198 Actum
920 1137 953 1197 et
973 1131 1081 1197 datum
1104 1132 1136 1196 in
1158 1130 1257 1214 Pysdr
1278 1149 1361 1197 anno
1382 1129 1508 1194 Domini
1537 1128 1701 1194 millesimo
1730 1128 1985 1211 CCCXXXssss,
2017 1133 2149 1212 quarto

598 1233 673 1299 idua
694 1232 785 1299 Iunii.

701 1436 884 1520 nnuman
909 1442 945 1501 oe
967 1441 1041 1524 uqa.

1240 1632 1312 1715 Nr.
1358 1628 1484 1714 1133.

703 1825 915 1907 Karimirua
941 1847 1006 1906 rex
1031 1824 1180 1906 Polonie
1206 1829 1342 1905 1334
1368 1826 1451 1907 Iun
1478 1830 1562 1919 24,
1590 1823 1772 1924 cracovia
1790 1841 1941 1908 retum:
1955 1839 2149 1923 noetsgn

604 1944 669 2012 lum
690 1945 819 2011 laroslai
840 1945 1000 2011 castellani
1021 1945 1240 2010 Poznanierrsis
1260 1945 1300 2010 ad
1321 1945 1444 2010 litteras
1467 1953 1645 2026 treugarum
1666 1944 1761 2025 pacis,
1783 1944 1866 2009 inter
1884 1961 1918 2008 se
1931 1948 1966 2009 et
1978 1942 2146 2009 Ordinem

601 2045 837 2129 Cmcigerorum
857 2046 967 2128 iactae,
990 2053 1057 2112 tum
1077 2047 1200 2112 demum
1222 2045 1316 2111 fuerit
1333 2048 1519 2129 appositum,
1542 2065 1637 2128 quum
1658 2046 1690 2109 in
1719 2044 1868 2110 Maiorem
1897 2044 2064 2111 Poloniam
2088 2062 2149 2109 ve·

600 2149 691 2228 uerit,
713 2147 815 2230 ipsum
836 2148 1006 2214 iaroslaum
1029 2153 1133 2213 tamen
1152 2147 1326 2230 praedictas
1349 2154 1473 2230 treugas
1496 2154 1698 2213 servaturum.

703 2255 842 2328 Percote.
864 2256 981 2330 cippis.
1028 2255 1123 2313 Posce
1141 2255 1310 2328 pergamio.
1333 2254 1372 2312 od
1389 2249 1625 2328 przpror'eszonc'j
1643 2270 1685 2312 reo
1706 2254 1766 2312 nim
1792 2253 1966 2327 piemotnie
1984 2254 2143 2332 pieczfci.

705 2355 897 2431 Kdnipsbcrg.
944 2356 1059 2430 Kdnipl.
1084 2355 1188 2414 Stoots
1211 2355 1298 2416 Arci.

707 2536 773 2603 Nos
794 2536 971 2602 Karimirus
993 2536 1051 2601 Dei
1074 2537 1179 2619 gracia
1200 2555 1255 2601 rer
1277 2537 1403 2602 Polorrie
1431 2537 1644 2602 universorum
1673 2538 1787 2602 noticia
1812 2537 2008 2619 presentibus
2029 2536 2144 2604 decia·

603 2655 718 2717 ramus,
740 2638 823 2719 quod
845 2638 919 2702 licet
940 2637 1039 2702 fidelis
1059 2639 1157 2703 nmtri
1173 2637 1310 2720 laroslay
1330 2639 1490 2702 castellani
1509 2639 1727 2704 Pornaniensis
1741 2638 1876 2720 sigillum
1890 2658 1952 2703 non
1973 2640 2018 2704 sit
2035 2657 2144 2725 appo·

601 2740 697 2806 situm
719 2747 846 2822 propter
866 2740 964 2822 ipsius
984 2739 1160 2805 absenciam
1184 2740 1224 2805 ad
1245 2741 1368 2805 litteras
1391 2747 1568 2822 treugarum
1589 2740 1684 2822 pacis,
1715 2741 1798 2805 inter
1819 2759 1875 2805 nos
1903 2746 1936 2804 ct
1956 2739 2076 2807 rauca
2099 2741 2143 2807 de

601 2842 692 2908 domo
706 2841 920 2907 lbeuthonica
934 2840 1152 2921 confectarum,
1175 2842 1241 2923 ipse
1256 2842 1410 2906 laroslaus
1426 2849 1550 2922 treugas
1566 2842 1689 2906 easdem
1705 2841 1835 2906 firmiter
1856 2848 1889 2907 et
1910 2842 2144 2915 inviolabiliter

601 2942 787 3023 observabit,
810 2948 843 3008 et
864 2942 965 3008 medio
987 2950 1134 3024 tempore,
1158 2961 1228 3008 curn
1250 2944 1282 3007 in
1304 2944 1432 3008 Polonia
1454 2944 1612 3024 fuerimus,
1641 2944 1776 3026 sigillum
1806 2963 1895 3009 sunm
1916 2944 1956 3011 ad
1975 2945 2143 3027 predictas

600 3043 723 3110 litteras
744 3051 928 3127 apponetur.
973 3044 1033 3108 Pro
1055 3045 1167 3125 quibus
1186 3045 1337 3124 omnibus,
1367 3063 1424 3109 nos
1441 3046 1651 3126 promittimus
1674 3052 1707 3111 et
1728 3046 1922 3128 presentibus
1946 3047 2142 3130 obligamus,

601 3145 711 3211 danms
732 3152 891 3227 presentes
912 3146 943 3209 in
966 3146 1061 3211 robur
1078 3146 1308 3227 premissorum.
1352 3146 1468 3211 Datum
1499 3146 1646 3213 Craccvie
1675 3149 1706 3212 in
1735 3147 1786 3212 dic
1811 3147 1957 3213 Iohannis
1977 3148 2142 3231 Baptiste,

601 3264 683 3312 anno
704 3246 829 3312 Domini
850 3246 1074 3313 dcccxxx
1096 3254 1223 3330 quarto3
1253 3248 1450 3329 presentibus
1478 3268 1498 3314 a
1520 3248 1599 3315 iosto
1626 3249 1809 3313 Natiuitatis
1830 3248 1953 3314 Domini
1972 3252 2144 3333 sequentis

601 3349 727 3415 minime
748 3349 899 3414 valituris.

1246 3597 1318 3680 Nr.
1362 3594 1488 3682 1134.

706 3787 889 3871 Iohannes
928 3788 1116 3890 opiscopus
1156 3792 1306 3873 cmlaaie
1345 3792 1584 3873 Pomodiana
1623 3793 1755 3870 1334
1793 3791 1875 3872 Iun
1914 3794 1996 3888 29,
2030 3811 2062 3872 a
2099 3791 2145 3893 ις

602 3908 866 3976 Sventbomirsam
885 3909 1040 3975 dominam
1064 3910 1096 3973 in
1116 3909 1270 3989 Lutomie,
1294 3929 1356 3975 una
1377 3929 1446 3975 cnm
1469 3910 1638 3975 Lubocbna
1653 3909 1798 3975 defuncta
1813 3911 1877 3975 filia
1891 3911 1999 3992 ipsius,
2023 3911 2056 3976 in
2072 3909 2145 3978 fra·

601 4013 780 4078 tenuitatem
803 4031 878 4078 suae
898 4012 1047 4100 ecclesiae
1070 4013 1164 4077 certis
1186 4011 1413 4077 conditionibus
1435 4012 1555 4092 recipit

705 4117 845 4192 Peracta.
865 4120 982 4192 orygis.
1028 4117 1254 4192 Przearleczony
1276 4135 1295 4176 u
1318 4118 1442 4190 dolncpo
1463 4116 1573 4190 brchu
1595 4116 1729 4176 ciramea
1748 4118 1968 4192 pergamineae
1989 4119 2041 4177 nie
2064 4118 2144 4177 olcu-

603 4221 673 4292 zav'e
694 4218 792 4295 diodu,
816 4220 849 4277 lc
868 4236 908 4276 no
930 4221 989 4275 nim
1011 4217 1082 4291 bulo
1101 4228 1349 4293 przymccomono
1371 4215 1500 4298 pieczpd.

706 4316 843 4379 Pornori.
889 4317 1005 4376 Arctoi.
1031 4317 1166 4391 Capituli.
1212 4319 1280 4395 III,
1304 4317 1354 4378 13.

705 4483 741 4546 ln
763 4483 886 4546 nominc
908 4480 1031 4546 Domini
1051 4500 1150 4547 amen.
1195 4483 1260 4549 Nos
1289 4484 1443 4550 lohannes
1469 4485 1526 4550 Dei
1547 4485 1650 4566 gratia
1678 4486 1840 4568 episcopus
1861 4486 1990 4551 ecclesie
2014 4485 2145 4555 Pom·

602 4584 719 4648 niensis
737 4590 845 4649 notum
867 4583 995 4648 iacimus
1017 4586 1167 4650 universis
1190 4589 1379 4669 presentium
1401 4588 1492 4652 notit'
1565 4589 1598 4671 t?
1620 4588 1689 4670 sic),
1720 4607 1776 4652 nos
1797 4588 1952 4652 dominam
1981 4586 2144 4655 Sventbo-

602 4685 739 4764 mirsam,
761 4684 915 4751 dominam
935 4686 1007 4751 ville
1029 4688 1060 4751 in
1083 4687 1246 4767 Luthomc,
1270 4690 1301 4752 in
1320 4688 1548 4756 fraternitatem
1562 4697 1668 4755 nostre
1689 4690 1816 4755 ecclesie
1836 4696 1869 4754 et
1890 4691 1989 4754 nostri
2011 4691 2144 4774 collegii

602 4788 755 4870 recepisse
775 4806 837 4853 una
858 4807 927 4854 curn
951 4788 1121 4854 Lubochna
1142 4788 1241 4854 iclicis
1255 4792 1411 4871 memorie,
1434 4791 1507 4856 olim
1523 4791 1588 4856 iilia
1609 4794 1715 4873 ipsius,
1738 4794 1770 4856 in
1786 4792 1868 4856 hunc
1890 4791 2026 4873 modum,
2052 4796 2143 4874 quod

601 4888 726 4955 domina
747 4890 853 4955 cadem
886 4909 943 4973 pro
975 4889 1090 4955 iabrica
1112 4892 1240 4955 ecclesie
1273 4900 1380 4955 nostre
1401 4894 1536 4971 maioris,
1570 4895 1602 4957 in
1624 4912 1685 4974 qua
1711 4894 1805 4974 elegit
1836 4895 2039 4976 sepulturam,
2062 4902 2143 4962 octo

602 4999 704 5057 scotos
725 4993 764 5057 ad
787 4993 868 5055 diem
890 4992 974 5056 beati
996 4991 1080 5055 Petri
1109 4992 1199 5054 annis
1221 4993 1350 5071 singulis
1379 4992 1412 5054 in
1433 5001 1616 5073 perpetuum
1645 4997 1839 5074 procuratori
1869 4996 1996 5061 ecclesie
2014 5003 2141 5079 nosne,

602 5094 657 5174 qui
678 5092 772 5158 fuerit
794 5112 850 5173 pro
872 5099 1020 5172 tempore,
1042 5092 1082 5154 de
1104 5091 1194 5154 bonis
1215 5092 1247 5154 in
1268 5090 1429 5168 Luthcme,
1452 5098 1576 5172 etpost
1601 5094 1695 5158 vitam
1715 5097 1822 5175 ipsius,
1847 5099 2021 5179 quicunque
2044 5097 2142 5163 ireres

604 5191 717 5256 ibidem
739 5192 843 5269 inerit,
866 5192 985 5254 solvere
1005 5197 1155 5254 teneatur.
1202 5192 1291 5254 Anno
1314 5210 1386 5255 vero
1408 5194 1545 5272 proxime
1564 5193 1708 5272 edntnrc,
1724 5214 1795 5260 oves
1814 5198 2041 5280 qninquaginta
2059 5199 2143 5265 dare

603 5293 746 5372 promisit
769 5292 809 5354 od
831 5290 990 5355 ecclesiam
1025 5297 1220 5371 prenotatam
1248 5297 1311 5355 tam
1335 5311 1391 5373 pro
1415 5311 1470 5356 sua
1500 5311 1593 5372 quam
1616 5295 1754 5373 predicte
1775 5316 1830 5364 sue
1853 5302 1915 5367 iilic
1941 5302 2060 5367 salute:
2089 5302 2142 5367 ita

604 5408 688 5470 saue,
711 5391 793 5472 quod
815 5410 853 5454 ea
874 5390 1029 5466 defuncta,
1052 5392 1078 5453 si
1101 5392 1256 5470 propriam
1276 5411 1337 5456 non
1360 5392 1503 5456 babuerit
1522 5400 1689 5473 recturam,
1711 5404 1837 5465 rectura
1864 5422 1920 5484 pro
1947 5403 2044 5485 ipsius
2066 5422 2141 5469 cor·

603 5513 679 5579 pore
700 5513 755 5577 per
776 5494 935 5559 ecclesiam
957 5499 1095 5556 nostram
1117 5494 1201 5555 mitti
1223 5493 1330 5571 debet3
1358 5495 1385 5557 si
1414 5510 1486 5556 vero
1507 5495 1662 5573 propriam
1690 5499 1841 5580 babuerit,
1868 5505 1971 5584 ipsum
2007 5523 2140 5572 canum

604 5616 674 5663 cum
696 5597 784 5678 aquis
804 5596 837 5658 in
870 5593 983 5675 quibus
1015 5592 1093 5674 (sic)
1114 5592 1285 5656 adducetur
1315 5594 1444 5658 ecclesie
1472 5594 1649 5676 assignavit
1684 5601 1729 5664 ita
1749 5604 1853 5684 etiam,
1880 5606 1963 5687 qnod
1983 5608 2017 5670 in
2037 5608 2140 5673 altari

604 5700 692 5767 ebori
712 5697 850 5778 ecclesie,
871 5697 967 5760 missa
988 5694 1078 5759 beate
1106 5692 1215 5774 blarie,
1243 5695 1325 5759 beati
1348 5694 1434 5758 Petri
1463 5700 1495 5758 et
1517 5694 1748 5782 Defunctorum,
1776 5705 1905 5786 singulis
1933 5707 2140 5776 bebdcrrmdis
