4675 7067
517 830 589 903 386

516 1030 623 1099 videri.
666 1028 819 1098 Volumus
839 1033 954 1111 autem,
976 1028 1059 1113 quod
1077 1032 1243 1116 postquam
1264 1028 1345 1103 idem
1371 1028 1511 1099 Andreas
1540 1030 1733 1118 prepositure
1754 1029 1892 1113 predicte
1915 1048 2035 1114 posscs-

515 1133 632 1199 sionem
655 1132 814 1216 pacificam
835 1133 975 1198 extiterit
993 1136 1162 1212 assecutus,
1191 1132 1343 1215 prefatam
1374 1132 1534 1199 ecclesiam
1556 1133 1595 1201 de
1616 1132 1762 1215 Igolonia,
1791 1132 1818 1199 si
1847 1132 1947 1202 adhrm
1969 1133 2035 1199 eius

515 1237 739 1319 possessionem
771 1234 928 1318 pacificam
957 1233 1087 1300 forsitan
1114 1234 1224 1300 habuit
1248 1234 1296 1300 vel
1321 1253 1388 1301 eam
1416 1236 1517 1317 ipsum
1543 1235 1657 1301 habere
1684 1235 1852 1318 contingat,
1882 1253 2035 1319 quamque

516 1338 678 1407 ecclesiam
701 1356 758 1405 nos
786 1343 900 1403 extunc
925 1354 1035 1403 uacare
1061 1337 1263 1418 decernimur,
1292 1338 1416 1405 omnino
1442 1337 1599 1405 dimittere
1628 1343 1770 1405 teneatur
1787 1337 1875 1423 (etc.)
1918 1337 2033 1404 Datum

515 1440 668 1507 dunione
689 1440 749 1506 XV
768 1440 924 1507 Kalendas
945 1438 1026 1519 Iulii,
1048 1439 1247 1523 pontificatus
1265 1441 1364 1505 nostri
1385 1458 1465 1507 anno
1487 1458 1578 1507 nono.
1720 1427 1726 1441 '

616 1627 762 1711 Ιςοὶοιιὶιι,
784 1633 834 1691 aie
851 1631 1044 1707 odpadaioac.

1159 1923 1231 2005 Νι.
1267 1916 1391 2007 1057.

615 2122 798 2228 Iohannes
816 2120 878 2223 Pp.
895 2119 1010 2202 XXII
1035 2119 1272 2201 18251un.
1299 2124 1383 2218 22,
1410 2118 1608 2222 driuidum
1626 2136 1775 2219 praelatis
1789 2136 1935 2205 solonae
1948 2156 2034 2205 man-

513 2243 579 2325 dat,
599 2247 637 2309 nt
657 2243 807 2309 decimam
825 2240 1019 2307 scnennalem
1041 2257 1097 2322 pro
1119 2239 1255 2305 subsidio
1277 2240 1390 2305 Terrae
1411 2244 1536 2306 mactae
1557 2239 1682 2323 exigant
1699 2244 1732 2307 et
1751 2240 1881 2308 solvant.

620 2349 752 2411 maner.
791 2349 981 2409 Marmarata
1002 2346 1101 2406 Maior.
1127 2346 1269 2407 Potentiae
1289 2346 1315 2419 I,
1337 2344 1411 2409 323.

613 2530 766 2598 Iohannes
779 2530 940 2614 episcopus
954 2546 1060 2595 servus
1075 2548 1233 2596 servorum
1248 2529 1316 2612 Dei,
1339 2530 1564 2597 venerabilibus
1578 2529 1735 2614 iratribus,
1751 2582 1779 2597 ..
1799 2531 2032 2619 archiepiscopo

514 2634 697 2714 Gneznensi,
713 2638 782 2699 et..
805 2631 1045 2713 darnuensi..
1068 2632 1359 2715 Wratislaviensi,..
1380 2631 1626 2714 Ponnaniensi,..
1650 2634 1941 2718 wladislaviensf,..
1964 2636 2033 2702 Plo-

514 2738 607 2817 censi,
621 2787 651 2802 ..
675 2734 858 2816 Lubucensi,
871 2786 898 2800 ..
923 2733 1098 2800 caminensi
1120 2739 1193 2801 et..
1219 2734 1376 2801 cumensi
1391 2738 1552 2820 episcopis,
1569 2743 1601 2804 et
1615 2738 1735 2804 dilectis
1750 2733 1832 2819 filiis,
1847 2738 1963 2820 electis,
1980 2738 2033 2805 ab

512 2840 638 2906 batibus
659 2844 692 2905 et
715 2838 868 2922 prioribus
890 2844 963 2920 eto,
983 2856 1041 2905 nec
1061 2857 1123 2904 non
1145 2844 1179 2904 et
1200 2840 1299 2906 sancti
1321 2839 1466 2909 Iohannis
1487 2840 1724 2907 lerosolfmitani
1743 2859 1779 2907 ac
1806 2846 1912 2908 sancte
1933 2842 2033 2909 Maris

514 2942 776 3009 Theutonicorum
790 2942 955 3024 magistris,
972 2939 1124 3024 prioribus
1139 2945 1172 3006 et
1185 2941 1416 3026 preceptoribus
1430 2960 1598 3025 corumque
1611 2942 1865 3024 locatenentibus,
1881 2963 1936 3027 per
1950 2944 2033 3011 Gne·

512 3062 667 3125 anensem,
684 3042 927 3126 Oracoviensem,
944 3042 1239 3122 Wratislaviensem,
1263 3043 1513 3125 Poznaniensem‚
1537 3044 1829 3126 wladislaviensem,
1845 3046 2031 3127 Plocensem,

512 3147 733 3228 Lubucensem,
764 3144 977 3213 caminensem
999 3150 1032 3211 et
1054 3143 1248 3211 (dulmensem
1270 3147 1410 3213 civitates
1432 3153 1465 3213 et
1487 3147 1624 3213 dioceses
1646 3148 1832 3229 constitutis,
1855 3149 2033 3215 salutemet

511 3249 713 3331 apostolicam
726 3247 979 3315 benedictionem.
1009 3246 1134 3313 Dudum
1151 3247 1248 3314 felicis
1270 3250 1490 3316 recordationis
1514 3248 1656 3315 Clemens
1678 3248 1763 3334 Papa
1777 3250 1815 3332 V,
1837 3250 2032 3332 predecessor

512 3356 627 3432 noster,
642 3350 683 3416 ad
696 3351 823 3416 Terram
837 3354 977 3415 sanctam
993 3350 1043 3433 pie
1060 3350 1195 3435 dirigens
1210 3353 1429 3435 compassionis
1444 3352 1597 3435 affectum,
1612 3353 1760 3419 decimam
1776 3354 1910 3420 omnium
1930 3352 2031 3419 reddi·

513 3459 602 3519 tuum
617 3460 649 3519 et
662 3459 866 3537 proventuum
881 3452 1167 3534 ecclesiasticorum,
1190 3472 1246 3536 per
1260 3454 1397 3521 diversas
1416 3455 1522 3519 mundi
1543 3460 1648 3539 partas
1668 3455 1910 3537 consistentium,
1926 3462 2030 3522 aucto

510 3557 607 3621 ritate
622 3554 792 3638 apostolica
805 3554 838 3620 in
853 3554 981 3620 concilio
999 3554 1167 3620 Viennensi
1182 3574 1238 3638 pro
1253 3556 1335 3633 dicte
1348 3556 1441 3623 Terre
1463 3556 1598 3623 subsidio
1620 3562 1652 3623 et
1671 3556 1747 3623 abas
1766 3564 1874 3624 oontm
1894 3558 2030 3623 inimicos

511 3663 545 3725 et
557 3657 687 3724 rebellas
701 3656 851 3722 catholice
866 3654 938 3723 fidei
949 3656 1194 3738 dispensandam,
1210 3658 1300 3722 duxit
1314 3677 1370 3740 per
1383 3677 1437 3724 sex
1452 3676 1559 3739 annos,
1571 3660 1677 3725 eodem
1688 3658 1879 3743 approbante
1893 3660 2030 3740 concilio,

510 3763 740 3846 imponendam,
757 3767 789 3828 et
806 3762 880 3829 licet
893 3762 1032 3845 predicta
1047 3762 1166 3828 decima
1183 3762 1216 3826 in
1230 3762 1359 3827 diversis
1378 3762 1518 3844 partibus
1536 3763 1666 3829 collecta
1685 3760 1780 3829 fuerit
1798 3768 1831 3828 et
1851 3768 1968 3845 exacta,
1984 3768 2031 3829 ta-

511 3886 583 3933 men
596 3867 630 3931 in
643 3866 756 3932 uestris
772 3865 948 3933 civitatibus
963 3871 997 3931 et
1011 3865 1193 3945 diocesibus,
1213 3862 1325 3929 fratres
1347 3862 1574 3947 archiepiscope
1588 3870 1621 3930 et
1635 3864 1780 3947 episcopi,
1802 3866 1894 3931 certis
1908 3882 1946 3931 eu
1960 3882 2031 3930 cau·

510 3969 553 4035 sis
569 3986 668 4052 nsque
680 3986 763 4034 nunc
776 3986 925 4051 suspensa
946 3967 1065 4034 extitit:
1088 3966 1160 4053 (ne)
1175 3967 1325 4048 collectio,
1340 3984 1433 4050 quam
1448 3972 1512 4032 tam
1527 3966 1609 4033 dicte
1630 3966 1723 4033 Terre
1741 3974 1847 4034 sancte
1865 3968 2032 4035 necessitas

509 4090 603 4154 quarn
625 4070 785 4138 rebellium
808 4070 1016 4153 predictorum
1038 4070 1225 4150 immanitas,
1249 4087 1309 4151 que
1330 4069 1401 4152 plus
1423 4068 1515 4135 solito
1533 4068 1703 4151 invalescit,
1726 4076 1870 4153 expetam
1883 4072 2029 4151 noscitur,

508 4176 640 4241 ulterius
654 4173 840 4255 retardetur,
859 4172 988 4239 dilectos
1009 4170 1090 4238 filios
1113 4172 1278 4255 magistros
1300 4171 1457 4237 Andream
1481 4172 1520 4237 de
1534 4172 1658 4237 Verulis
1673 4174 1853 4240 canonicum
1868 4172 2030 4239 Wratisla·

509 4279 654 4357 viensem,
669 4277 853 4358 scriptorem
868 4279 1017 4355 nostrum,
1040 4281 1073 4341 et
1090 4274 1218 4340 Petrum
1233 4274 1272 4340 de
1290 4273 1462 4340 Alvernhia
1475 4275 1552 4340 iuris
1567 4276 1711 4358 peritum,
1727 4276 1870 4341 clericum
1891 4276 2030 4342 Lemovi-

511 4397 641 4459 oensem
656 4378 824 4461 apostolice
835 4376 924 4443 Sedis
936 4378 1075 4458 nuncios,
1090 4376 1129 4442 de
1144 4395 1274 4459 quorum
1289 4376 1561 4459 circumspectione
1575 4382 1608 4443 et
1622 4377 1772 4444 fidelitate
1786 4378 1975 4457 confidimus,
1990 4377 2029 4441 ad

508 4481 685 4566 petendum,
702 4481 892 4563 exigendum,
908 4478 1111 4561 colligendum
1126 4485 1159 4544 et
1173 4478 1383 4562 recipiendum
1398 4498 1454 4561 per
1467 4496 1501 4545 se
1522 4498 1558 4545 ac
1572 4479 1816 4560 subcollectorea,
1839 4479 2030 4563 deputandos

397 4601 401 4607 ·
509 4582 548 4648 ab
564 4582 654 4648 eisin
668 4580 797 4665 singulis
811 4581 989 4648 civitatibus
1003 4586 1037 4647 et
1049 4580 1222 4647 diooasibus
1243 4581 1438 4663 supradictis,
1461 4599 1481 4646 a
1501 4580 1587 4646 vobis
1614 4587 1646 4647 et
1667 4587 1802 4647 vestrum
1824 4581 1953 4665 singulis
1975 4600 2031 4665 per

508 4703 562 4750 sen
583 4702 691 4766 annos,
713 4684 957 4766 competentibus
979 4684 1119 4750 terminis
1140 4682 1181 4749 ad
1203 4683 1261 4749 hoc
1291 4683 1463 4750 statuendis
1485 4702 1542 4766 per
1564 4701 1626 4764 eos,
1656 4684 1804 4750 decimam
1831 4684 2029 4764 antedictam,

507 4804 564 4871 per
583 4786 661 4852 alias
682 4793 805 4853 nostras
827 4787 905 4852 certi
923 4787 1040 4852 tenoris
1061 4786 1184 4852 litteras
1205 4786 1350 4852 duximus
1376 4786 1579 4868 deputandos.
1625 4784 1773 4865 Quocirca
1797 4784 2028 4852 universitatem

508 4893 643 4955 casuum
664 4907 834 4970 monemus,
856 4907 1000 4972 rogamus
1022 4895 1055 4955 et
1075 4890 1237 4956 hormrnur
1258 4891 1290 4954 in
1318 4888 1460 4970 Domino,
1487 4888 1572 4954 vobis
1594 4888 1810 4955 nichilominus
1831 4908 1887 4973 per
1907 4894 2030 4971 aposto-

508 4990 569 5058 lica
587 4992 705 5074 scripta
725 4992 897 5059 districtius
917 4992 1113 5078 precipiendo
1136 4992 1328 5073 mandantes,
1352 4992 1499 5074 quatinus
1521 4990 1671 5057 decimam
1697 4997 1898 5058 memoratam
1919 4992 1958 5057 de
1979 5010 2030 5056 vc·

506 5095 581 5160 stris
602 5092 774 5160 redditibus
795 5099 828 5159 et
852 5094 1052 5177 proventibus
1084 5093 1280 5175 supradictis
1307 5094 1339 5157 in
1370 5094 1510 5159 terminis
1535 5110 1592 5176 per
1617 5094 1740 5158 eosdem
1767 5093 1945 5161 collectores
1976 5098 2031 5159 aut

506 5215 613 5262 eorum
634 5195 766 5262 alterum
788 5195 970 5275 statuendis,
993 5195 1059 5261 sine
1080 5194 1274 5261 difficultatis
1297 5196 1455 5263 obstaculo
1477 5196 1670 5280 persolvatis.
1713 5194 1779 5262 Nos
1806 5198 1887 5262 enim
1915 5197 2030 5263 eisdem

506 5298 722 5366 collectoribus
745 5302 778 5364 et
799 5297 925 5364 cuilibet
953 5296 1099 5379 ipsorum,
1121 5298 1257 5379 petendi,
1286 5299 1427 5382 exigendi
1446 5303 1478 5364 et
1498 5298 1665 5380 recipiendi
1693 5317 1749 5382 per
1768 5316 1800 5365 se
1822 5316 1858 5365 ac
1870 5298 2027 5387 ¹subcelle-

506 5409 607 5469 clares
628 5400 751 5467 eosdem
771 5400 921 5466 decimam
943 5400 1161 5482 supradictam,
1184 5403 1425 5468 contradictores
1449 5415 1571 5483 quoque
1591 5418 1628 5467 ac
1647 5400 1849 5484 impedientes
1876 5398 2031 5483 quoslibet

505 5511 538 5572 et
552 5503 691 5584 rebellas,
706 5496 913 5585 cuiuscumque
927 5503 1141 5585 preminentia,
1157 5504 1329 5586 dignitatis,
1352 5502 1489 5583 Ordinis,
1506 5508 1608 5569 status
1622 5503 1670 5568 vel
1687 5500 1870 5569 conditionis
1884 5502 2028 5581 existant,

504 5608 599 5675 edam
621 5606 647 5670 si
669 5604 837 5688 pontificali
859 5604 908 5669 uel
930 5604 1038 5686 quavis
1059 5604 1121 5670 alia
1142 5604 1294 5687 dignitate
1315 5604 1520 5688 prefulgeant,
1545 5606 1732 5671 auctoritate
1754 5609 1870 5684 nostra,
1893 5604 2029 5687 appella·

505 5712 589 5776 tione
609 5708 791 5793 postposita,
813 5706 1028 5789 compellendi:
1060 5706 1351 5790 nonobstantibus,
1377 5708 1403 5774 si
1432 5707 1518 5773 vobis
1543 5713 1599 5774 aut
1627 5711 1764 5773 vestrum
1793 5706 1948 5791 aliquibus
1970 5712 2024 5772 aut
