4675 7067
1647 924 1651 929 .
1770 843 1842 928 tet

320 1038 438 1114 Femlra
458 1053 491 1115 et
512 1041 606 1116 Sulca
634 1042 791 1116 sororibus
812 1044 851 1116 de
872 1054 1025 1117 conventu
1046 1045 1160 1116 ibidem
1188 1045 1222 1115 in
1243 1046 1406 1132 Owenslro,
1428 1055 1461 1118 et
1489 1050 1620 1118 domino
1635 1052 1756 1135 Philipo
1778 1053 1843 1138 010

319 1148 400 1215 bano
420 1150 460 1216 de
481 1151 670 1232 Werenicaa,
695 1152 808 1235 Sangio
830 1153 982 1235 piscatore
1002 1151 1042 1217 de
1065 1151 1228 1232 Owenslro,
1252 1151 1433 1218 Suantoonc
1454 1160 1487 1218 et
1505 1153 1652 1219 11001000
1673 1153 1791 1219 civibus
1804 1153 1845 1221 de

319 1250 435 1333 Insula,
457 1252 643 1320 Potenciano
664 1253 728 1319 11110
761 1253 930 1320 Oalisconis
962 1256 1027 1320 cive
1049 1254 1261 1334 Poznaniensi,
1293 1254 1464 1320 Venceslao
1497 1254 1629 1320 sculteto
1650 1255 1690 1320 de
1711 1253 1844 1321 Troslro·

319 1356 410 1434 1000,
433 1358 466 1419 01
486 1355 556 1420 aliis
577 1369 670 1438 quarn
691 1354 832 1436 pluribus
849 1355 924 1420 viris
945 1357 1087 1422 discretis
1109 1361 1142 1420 et
1157 1355 1305 1435 honestis,
1325 1356 1365 1420 ad
1380 1356 1460 1421 banc
1475 1356 1703 1422 ordinacionem
1724 1361 1843 1422 01000-

319 1454 470 1520 dicionem
492 1455 668 1539 specialiter
688 1457 805 1522 vocatis
827 1462 860 1522 ct
879 1458 1005 1538 rogatis.
1049 1459 1131 1522 Acta
1152 1461 1227 1521 sunt
1257 1455 1313 1522 hec
1333 1456 1391 1522 sub
1423 1475 1504 1522 anno
1535 1457 1660 1524 Domini
1681 1458 1844 1523 millesimo

319 1557 536 1622 trecentesimo
557 1557 715 1639 trigesimo
737 1557 856 1638 quinto.

421 1742 627 1825 Dambagora,
646 1745 809 1828 proqoru
853 1741 1014 1822 Carecino,
1036 1747 1205 1828 Storzfcm
1235 1743 1378 1824 Prusecz,
1401 1750 1534 1809 Priame.
1565 1743 1727 1825 Owenslro,
1749 1745 1844 1813 00011-

318 1846 383 1906 010.
428 1842 619 1922 Wereaicza,
647 1846 839 1906 Wierzenr'co.
884 1841 999 1922 Insula,
1026 1843 1146 1917 00νό00,
1176 1845 1263 1929 00011
1286 1851 1392 1908 minata
1414 1846 1537 1909 Pozaert
1566 1853 1668 1932 101000
1692 1850 1845 1931 0010100100

317 1965 360 2006 rz.
395 1948 499 2008 Warta
520 1950 533 2008 i
557 1947 668 2022 Cpbinu
694 1965 772 2024 przy
800 1949 903 2023 tycbte
924 1950 1124 2030 polemonia·
1151 1951 1235 2025 story
1257 1968 1298 2010 aa
1324 1947 1388 2025 016]
1409 1950 1482 2010 obal
1511 1951 1603 2010 110001
1630 1959 1715 2026 stam
1742 1951 1845 2012 zumclc

318 2046 622 2130 1001οη001101άᾶ
642 2047 692 2111 aa
719 2049 874 2122 Midolaja
917 2046 1130 2127 Troskotowo,
1155 2051 1352 2112 1100101000.
1550 2072 1553 2079 ·
1823 2061 1826 2064 ’

963 2292 1034 2373 Nr.
1074 2289 1199 2372 1154.

421 2448 633 2530 Kaaimirus
650 2471 716 2530 rex
733 2449 881 2530 Polonie
901 2453 1117 2532 0101335
1143 2451 1232 2533 100.
1250 2452 1339 2543 28,
1365 2451 1406 2531 10
1432 2451 1631 2551 Poanania3
1654 2419 1845 2534 010000000-

320 2573 381 2650 100,
403 2568 629 2634 succamerario
651 2569 864 2650 Poznaniensi,
886 2568 1066 2635 facultatem
1088 2570 1210 2638 locandi
1231 2571 1298 2634 iure
1320 2569 1402 2634 Novi
1423 2568 1481 2633 1001
1503 2571 1607 2636 villam
1630 2569 1791 2652 Smognlec
1811 2570 1845 2635 in

319 2670 476 2736 civitatem
500 2669 628 2735 confert.

421 2774 555 2837 Rotnad.
600 2778 715 2852 Kdniqt.
740 2778 843 2837 Stante
865 2779 952 2837 Aret.
999 2778 1140 2853 iruerint.
1165 2777 1363 2838 Poznantens.
1385 2793 1415 2838 a.
1437 2774 1604 2863 1542,s01‚
1627 2776 1679 2839 92.

421 2979 457 3042 In
477 2977 600 3043 nominc
622 2977 746 3043 Domini
765 2996 863 3043 amen.
908 2976 956 3042 Ne
978 2996 1024 3057 ea,
1050 2996 1111 3059 que
1139 2978 1178 3042 de
1199 2997 1285 3042 mera
1315 2995 1420 3059 regum
1447 2976 1634 3043 liberalitate
1664 2977 1703 3044 ob
1735 2978 1846 3043 merita

319 3080 513 3147 subditorum
534 3099 591 3162 pro
613 3081 749 3161 ipsorum
771 3078 937 3144 commodis
959 3079 1159 3160 perhenniter
1180 3080 1345 3157 donantur,
1367 3077 1520 3142 oblivione
1535 3079 1647 3143 comite
1664 3079 1848 3144 decidantur

319 3184 508 3248 amemoria
529 3182 695 3261 hominum,
719 3180 831 3245 debent
852 3198 914 3244 non
935 3180 1090 3244 immerito
1113 3180 1317 3262 solempnium
1339 3178 1501 3244 literarum
1528 3179 1666 3260 apicibus
1696 3180 1844 3247 roborari.

319 3284 453 3350 Proinde
473 3301 531 3349 000
557 3284 742 3362 Κο01001000,
773 3282 831 3347 1)οἰ
855 3282 961 3362 gracia
990 3299 1043 3346 rex
1069 3281 1196 3345 Polonie
1218 3288 1250 3346 et
1272 3287 1424 3345 terrarum
1457 3281 1612 3361 Cracovie,
1644 3280 1845 3362 Sondomin'e,

320 3386 458 3469 Syradie,
483 3384 628 3468 Cuyavie,
651 3382 1395 3463 10001010Ρο000000100001010100001100000,
1422 3383 1574 3448 universis
1603 3387 1667 3448 tarn
1694 3384 1846 3466 presenti-

319 3488 377 3553 bus
398 3506 491 3570 quam
512 3485 626 3551 futuris
647 3491 754 3551 tenore
775 3486 966 3568 presencium
989 3484 1130 3549 volumus
1153 3502 1220 3548 esse
1242 3490 1361 3563 notum,
1384 3485 1467 3566 quod
1489 3483 1630 3549 fidelibus
1656 3485 1793 3550 serviciis
1814 3489 1847 3552 et

319 3588 541 3672 multiplicibus
571 3588 670 3652 nostri
699 3587 798 3652 fidelis
825 3585 1053 3668 Vyerzbantbe,
1085 3585 1304 3651 subcamerarii
1331 3584 1559 3665 Poznaniensis,
1586 3586 1788 3652 consideratis
1814 3589 1848 3651 et

320 3686 478 3772 inspectis,
500 3707 561 3771 que
583 3688 671 3754 nobis
693 3688 811 3771 pluries
830 3687 970 3751 exhibuit
990 3693 1024 3752 et
1044 3687 1076 3751 10
1098 3686 1204 3752 lutum
1226 3687 1329 3752 animo
1348 3687 1488 3768 diligenti
1510 3688 1622 3752 nititur
1642 3687 1848 3768 exhiberent

320 3793 432 3857 merita
452 3792 633 3856 meritorum
655 3809 688 3855 se
708 3789 864 3872 gaudeam
892 3789 1102 3853 vicissitudine
1130 3789 1366 3870 recompensari,
1392 3787 1432 3853 ob
1461 3789 1572 3853 merita
1600 3790 1696 3869 igitur
1720 3806 1847 3855 suorum

320 3893 455 3958 fidebam
478 3894 686 3971 serviciorum,
709 3892 741 3956 in
762 3893 826 3955 suis
847 3891 935 3957 bonis
958 3909 1052 3973 super
1071 3891 1176 3957 villam
1199 3889 1342 3972 Smogulz
1366 3890 1537 3972 vulgariter
1555 3897 1774 3974 nuncupatam,
1805 3891 1846 3955 si·

319 4000 440 4060 tnatam
461 3995 494 4059 in
517 4000 602 4058 terra
622 3992 836 4072 Palukaccnsi,
860 3993 1016 4058 civitatem
1039 3993 1106 4057 iure
1120 3992 1346 4073 Theutbonico,
1368 3992 1487 4057 scilicet
1501 3991 1714 4073 Novoforensi,
1737 3992 1846 4058 dmnus

319 4096 379 4161 sibi
401 4101 435 4161 et
456 4093 640 4159 conferimus
661 4101 810 4177 perpetuo
830 4095 952 4159 locandi
974 4095 1181 4160 omnimodam
1202 4094 1394 4173 facultatem,
1417 4093 1608 4161 conferentes
1622 4095 1720 4160 eidem
1734 4100 1768 4160 et
1781 4094 1846 4160 suis

320 4197 548 4263 successoribus
569 4197 601 4261 in
623 4195 745 4275 ibidem,
766 4196 948 4261 advocatum
970 4215 1040 4261 cunr
1061 4197 1144 4261 omni
1160 4197 1228 4261 inre
1242 4215 1299 4279 pm
1313 4197 1451 4279 ipsorum
1464 4196 1555 4262 libito
1569 4197 1665 4262 libere
1679 4195 1847 4276 statuendi,

319 4304 413 4382 prout
430 4299 462 4364 iu
484 4299 599 4363 nostris
622 4299 733 4363 ceteris
754 4298 932 4363 civitatibus
954 4298 1014 4381 ipsi
1042 4296 1186 4362 advocati
1213 4315 1280 4362 esse
1311 4302 1543 4364 consueverunt
1586 4296 1732 4362 Preterea
1752 4297 1848 4362 dona·

319 4418 388 4464 mus
410 4399 502 4464 militi
524 4403 632 4463 nostro
655 4403 825 4463 memorato
847 4399 880 4462 in
901 4399 1028 4464 01011010
1055 4399 1235 4481 0000011010
1261 4417 1398 4465 cameras
1425 4417 1597 4481 pannomm
1619 4403 1652 4463 01
1674 4415 1848 4464 0000000000

319 4503 384 4566 0100
405 4501 593 4579 institorum,
622 4499 752 4564 macella
781 4501 930 4580 carnium,
957 4500 1072 4567 bancos
1094 4519 1209 4583 panum
1231 4507 1264 4565 et
1284 4507 1434 4582 sutorum,
1457 4501 1611 4582 balneum,
1634 4499 1792 4581 fabricam,
1814 4506 1849 4566 et

319 4603 383 4668 alia
402 4604 506 4668 omnia
529 4608 562 4667 et
582 4601 703 4683 singula
724 4601 865 4667 iacienda
886 4603 951 4666 0100
974 4602 1192 4681 construenda,
1215 4601 1303 4666 iuxta
1331 4603 1413 4683 quod
1438 4619 1492 4667 sne
1521 4620 1708 4684 suorumque
1729 4619 1848 4668 succes·

319 4722 424 4770 sorum
446 4704 616 4788 expedierit
637 4704 805 4783 voluntati,
828 4703 997 4769 eximentes
1019 4708 1052 4768 ct
1073 4702 1242 4767 liberantes
1263 4708 1413 4786 perpetuo
1434 4703 1616 4769 advocatum
1639 4722 1709 4769 cum
1731 4704 1848 4769 civibus

322 4807 458 4871 eiusdem
477 4807 612 4871 civitatis
630 4806 669 4871 ab
691 4805 832 4871 omnibus
855 4805 977 4871 iudiciis
998 4806 1209 4887 palatinorum
1231 4810 1264 4869 et
1284 4804 1502 4887 potestatibus,
1522 4810 1555 4868 et
1576 4803 1616 4870 ab
1637 4804 1779 4870 omnibus
1799 4805 1848 4870 ia·

320 4907 406 4973 ribus
441 4907 677 4987 Polonicalibus,
710 4908 858 4987 serviciis,
896 4908 1086 4987 dacionibns,
1119 4904 1411 4985 contribucionibus,
1448 4904 1594 4985 collectis,
1629 4905 1847 4986 solucionibus,

320 5008 543 5089 exaccionibus,
562 5014 595 5074 et
615 5009 685 5074 aliis
704 5008 936 5091 quibuscunque
958 5027 1141 5091 quocunque
1162 5006 1311 5072 vocabulo
1325 5006 1428 5071 forent
1441 5011 1626 5088 nuncupate,
1649 5011 1682 5070 et
1695 5004 1736 5070 ab
1750 5007 1848 5072 omni·

320 5112 379 5177 bns
398 5111 671 5176 consuetudinibus
693 5111 830 5177 Polonici
852 5112 929 5176 iuris
950 5130 1011 5193 que
1031 5113 1080 5176 ius
1102 5109 1326 5193 Theutonicum
1349 5107 1531 5190 perturbare
1558 5112 1792 5189 consueverunt,
1813 5113 1847 5174 ct

320 5214 360 5279 ab
380 5214 522 5278 omnibus
544 5213 665 5279 iudiciis
687 5213 905 5295 palatinorum,
934 5213 1183 5290 castellanorum,
1216 5209 1361 5289 iudicum,
1391 5209 1594 5288 subiudieum,
1625 5209 1763 5274 omniurn
1780 5209 1847 5276 offi-

321 5315 445 5380 cialium
466 5314 776 5395 ministerialiumque
797 5314 974 5394 eorundem,
997 5315 1028 5378 in
1049 5312 1190 5378 omnibns
1203 5312 1305 5378 causis
1320 5312 1385 5377 0100
1399 5312 1496 5394 00010,
1518 5316 1594 5394 0010
1615 5310 1701 5392 10011,
1723 5311 1848 5394 sangui·

320 5416 379 5496 nis,
393 5415 562 5481 bomicidii
592 5420 625 5480 et
654 5415 751 5480 eciam
778 5415 1028 5498 quibuscunque:
1059 5432 1120 5495 que
1148 5415 1253 5478 omnia
1282 5419 1316 5478 et
1342 5412 1465 5494 singula
1490 5412 1691 5493 inter-gades
1713 5413 1849 5479 civitatis

321 5517 484 5581 commissa
501 5517 566 5580 sive
587 5520 775 5598 perpetrata,
797 5533 901 5581 coram
921 5516 1072 5580 advocato
1090 5515 1228 5580 eiusdem
1250 5515 1387 5580 civitatis
1408 5519 1441 5579 et
1462 5513 1595 5580 scabinis
1624 5515 1692 5579 iure
1712 5513 1847 5579 Theuto-

321 5619 390 5683 nico
412 5617 568 5682 debebunt
591 5617 749 5682 commode
770 5618 937 5698 criminari,
959 5617 1078 5699 etipse
1100 5616 1190 5682 heres
1211 5617 1276 5682 0100
1294 5616 1436 5681 dominus
1458 5617 1602 5697 civitatis,
1625 5634 1688 5681 una
1707 5632 1848 5679 cumeum

322 5720 472 5784 advocato
493 5737 588 5801 penas
607 5719 672 5784 0100
690 5718 838 5784 emendas
860 5718 1028 5784 secundum
1049 5719 1098 5783 ius
1116 5719 1341 5785 lbeutonicum
1361 5737 1418 5800 pro
1439 5736 1474 5783 se
1494 5718 1645 5800 recipient
1664 5717 1729 5781 sive
1749 5716 1849 5799 perci-

342 5837 360 5847 '
1661 5834 1693 5886 ol
