4675 7067
1256 1128 1328 1211 ur.
1368 1079 1498 1212 1136.

714 1340 897 1423 Iohannes
927 1339 1114 1441 cpnmpm
1141 1340 1290 1422 emissis
1315 1341 1550 1422 Porsenicus.
1584 1342 1722 1419 1334
1747 1337 1819 1421 bot
1847 1342 1919 1434 19,
1944 1337 2161 1438 tummim

613 1461 776 1528 confirmat
798 1459 980 1526 divisionem
1008 1458 1170 1540 bonorum,
1200 1479 1281 1542 qnae
1303 1461 1531 1541 Weneaesiaus,
1555 1460 1645 1525 Ianik
1667 1465 1700 1525 et
1721 1459 1904 1543 Woyezech,
1929 1457 2049 1524 iratres
2072 1457 2160 1524 dieti

610 1563 802 1642 Scziconica,
825 1562 857 1626 in
879 1561 960 1625 villis
982 1560 1127 1626 ecciesioe
1148 1561 1378 1642 Poznaniensis,
1398 1562 1490 1628 dictis
1509 1563 1661 1629 Golkowo
1676 1567 1709 1628 et
1723 1561 1895 1642 Dziedziee,
1917 1561 2047 1627 nomine
2067 1560 2159 1626 scul-

611 1666 708 1731 tetiae
728 1664 902 1746 possideut3
925 1662 1126 1729 Wenczeslao
1147 1682 1272 1746 quoque
1295 1671 1416 1746 partem
1437 1666 1530 1730 villae
1552 1665 1719 1730 Rokitnica
1740 1665 1807 1730 iure
1828 1664 2020 1730 ibeutonico
2043 1663 2088 1730 ad
2104 1664 2158 1729 io-

611 1766 746 1833 candum
766 1764 882 1830 vmdit.

671 1912 674 1917 -
717 1873 854 1946 Perpom.
877 1872 1012 1947 crypta,
1032 1873 1145 1946 pnauy
1166 1872 1339 1945 piemotnie
1359 1871 1474 1948 blodym
1494 1873 1668 1942 intormem,
1689 1869 1777 1948 tttrp
1793 1867 1917 1948 points
1935 1886 2082 1947 cmm
2094 1887 2155 1947 po-

612 1975 771 2055 ciqpntfto.
808 1973 856 2032 llo
870 1973 1041 2032 amaricet
1051 1973 1258 2049 J'edwobnpcb,
1280 1976 1471 2051 czerwonpelt
1484 1977 1704 2049 przpmterzono
1719 1976 1793 2035 ante
1802 1976 1961 2055 pieezpcie.
1988 1972 2155 2034 lam

610 2077 827 2152 moneta
846 2076 1050 2150 przedstaroio
1067 2074 1193 2150 bbbtpo
1214 2075 1489 2158 bloponawiocepoe
1510 2079 1613 2151 napis:
1642 2072 1672 2138 S.
1699 2072 1855 2139 Iohannis.
1884 2072 1952 2138 nes
1983 2070 2040 2137 Gr.
2071 2070 2152 2155 npi.

613 2174 697 2240 Ecle.
720 2173 854 2239 Poznan.
884 2177 989 2251 Dntpo
1008 2176 1155 2250 Kopitaly
1175 2175 1391 2253 Poznurieltlt}
1414 2183 1557 2252 (pieezec
1575 2183 1651 2249 LV).

718 2278 852 2343 Petunti.
897 2281 1014 2343 nobb.
1043 2280 1179 2356 Capituli.
1225 2280 1293 2357 III,
1316 2280 1367 2342 tl.

714 2499 751 2564 In
770 2497 893 2564 nomine
911 2496 1035 2562 Domini
1057 2514 1157 2562 amen.
1203 2495 1393 2561 Cunctorum
1415 2496 1497 2578 perit
1526 2495 1682 2576 memoria,
1710 2496 1771 2560 nisi
1792 2495 2015 2577 scripturarum
2040 2500 2076 2561 et
2098 2500 2150 2562 te-

614 2600 710 2666 stium
728 2600 899 2666 munimine
916 2597 1032 2664 fuerint
1053 2598 1255 2680 perhennata
1299 2598 1418 2664 idcirco
1437 2615 1492 2663 nos
1513 2596 1676 2677 Iohannes,
1709 2596 1767 2663 Dei
1784 2598 1888 2679 gratia
1907 2596 2072 2678 episcopua
2094 2615 2149 2663 ec·

612 2702 707 2768 clesie
727 2701 956 2779 Poznaniensis,
979 2699 1121 2765 omnibus
1143 2705 1177 2765 et
1195 2699 1324 2782 singulis
1346 2699 1538 2782 presencium
1558 2698 1712 2764 habituris
1734 2699 1881 2765 noticiam
1911 2697 2052 2764 volumus
2075 2715 2151 2764 esse

612 2809 731 2882 nomm,
752 2801 836 2885 quod
857 2800 1019 2867 constituti
1037 2819 1141 2866 coram
1163 2801 1252 2866 nobis
1275 2800 1503 2879 wenczeslaus,
1524 2801 1614 2865 Ianik
1630 2807 1663 2866 et
1685 2798 1858 2883 Woycaecb
1879 2799 1993 2866 iratres
2014 2799 2146 2879 uterini,

612 2902 689 2971 dicti
708 2902 899 2981 Sczicowicz,
922 2906 1033 2983 sponte
1061 2907 1095 2966 et
1112 2901 1209 2967 libere
1230 2908 1305 2966 sunt
1332 2901 1471 2981 confessi,
1501 2902 1597 2968 talem
1618 2903 1700 2967 inter
1732 2920 1767 2966 se
1787 2901 1969 2967 divisionem
1990 2900 2147 2966 bonorum

611 3020 748 3085 suorum,
771 3023 831 3087 que
853 3003 970 3069 habent
990 3004 1113 3068 nomine
1134 3004 1281 3070 scultede
1303 3003 1446 3070 inbonis
1468 3005 1583 3069 nostris
1605 3010 1638 3069 et
1659 3003 1787 3068 eccloeie
1810 3008 1925 3082 nostre,
1944 3001 2090 3068 videlicet
2111 3002 2147 3068 in

611 3107 783 3174 &iconia
804 3113 837 3172 et
858 3106 891 3171 in
912 3104 1082 3185 mancat,
1105 3105 1263 3182 habuisse;
1295 3105 1378 3187 quod
1399 3105 1544 3171 videlicet
1564 3107 1703 3187 predicto
1726 3104 1925 3171 wenczeslao
1945 3109 1978 3170 et
1998 3103 2064 3170 suis
2085 3123 2145 3188 po-

611 3209 708 3275 steris
728 3228 767 3275 ex
787 3209 938 3274 diuaone
958 3207 1068 3273 eadem
1091 3208 1185 3273 ooesit
1215 3207 1362 3274 scultetis
1382 3208 1415 3273 in
1436 3207 1586 3273 Daedaica
1610 3226 1680 3273 cum
1702 3207 1767 3272 suis
1794 3205 1913 3272 iuribus
1934 3209 1967 3271 et
1985 3205 2145 3288 pertinen·

614 3311 676 3390 tiis,
699 3317 793 3393 prout
812 3311 842 3374 in
865 3308 1024 3392 privilegio
1046 3308 1144 3374 ieiicis
1165 3309 1388 3375 recordationis
1409 3308 1524 3375 domini
1555 3307 1749 3388 Domaratbi,
1779 3308 1878 3374 nostri
1907 3307 2145 3390 predecessoris,

611 3410 690 3494 ipsis
710 3409 860 3475 iratribus
881 3429 943 3475 una
966 3428 1036 3475 cum
1058 3409 1235 3492 Nagodone,
1257 3409 1331 3474 olim
1352 3409 1450 3475 fratre
1479 3410 1627 3492 ipsorum,
1657 3411 1741 3490 dato,
1768 3429 1862 3493 super
1879 3400 2027 3475 s‘culteua
2046 3408 2146 3475 bono·

613 3531 682 3579 rurn
705 3511 871 3578 eorundem
893 3512 1076 3578 continetur.
1121 3512 1323 3577 Vendidimns
1344 3513 1470 3594 insuper
1503 3512 1601 3577 eidem
1625 3511 1823 3578 WenczasIao
1850 3516 1972 3594 partem
1992 3510 2146 3577 bonorum

613 3620 800 3695 nostrorum,
822 3614 976 3681 dictamni
997 3612 1214 3693 Rokithnicze,
1235 3613 1303 3679 iure
1323 3613 1513 3680 Tbeutouioo
1537 3613 1577 3679 ad
1599 3613 1774 3694 locandum,
1795 3614 1895 3696 ipsam
1917 3617 2039 3695 partem
2059 3610 2146 3678 dicte

616 3717 758 3784 scoltetie
777 3718 811 3783 in
832 3715 1000 3783 ὓῑοᾱιίαε
1021 3715 1234 3798 adiungentes,
1256 3715 1436 3782 distinctam
1457 3715 1497 3780 ab
1519 3715 1583 3781 alia
1603 3720 1693 3797 parte
1714 3715 1848 3796 residua,
1878 3733 1938 3796 que
1956 3712 2093 3795 pertinet
2111 3713 2145 3778 in

613 3819 785 3895 Policasco;
808 3818 854 3884 ita
874 3816 957 3901 quod
975 3816 1056 3882 idem
1080 3817 1297 3883 WeneaesIaus
1326 3836 1396 3883 cum
1428 3817 1493 3882 suis
1522 3817 1629 3881 tiberis
1658 3836 1754 3883 unum
1786 3835 1929 3884 mansum
1950 3814 2083 3882 liberum
2104 3814 2146 3881 de

614 3922 722 3989 eadem
743 3926 833 4003 parte
852 3920 885 3985 in
905 3918 1113 3984 Rokithnicza
1127 3918 1240 3984 debeat
1254 3925 1403 4000 perpetue
1424 3937 1494 3984 cum
1515 3919 1661 3984 multatio
1674 3919 1838 4001 prehabita
1859 3917 2025 4000 possidere.
2048 3916 2145 3982 Kme·

615 4031 703 4090 tones
725 4042 797 4090 vero
818 4022 941 4105 sing-cii,
963 4022 1002 4086 de
1023 4020 1163 4103 quolibet
1183 4039 1291 4086 manso
1313 4021 1395 4086 dicte
1416 4021 1515 4102 partis
1533 4022 1566 4086 in
1586 4021 1801 4100 Rokithnicza,
1823 4040 1878 4086 sex
1896 4036 2056 4084 mensures
2078 4018 2146 4084 sili·

613 4126 694 4209 ginis
716 4131 749 4191 et
767 4124 897 4190 totidem
918 4140 1023 4199 avene,
1046 4141 1116 4187 cum
1140 4140 1195 4186 ser
1217 4123 1311 4186 scotis
1333 4122 1493 4187 usualibus
1515 4123 1638 4188 nomine
1659 4141 1769 4188 census
1799 4123 1832 4187 in
1851 4121 1930 4187 testo
1951 4119 2036 4187 beati
2057 4119 2145 4185 nlm-

615 4229 683 4308 tini,
708 4227 797 4292 annis
829 4223 968 4306 singulis,
995 4221 1083 4288 nobis
1111 4222 1231 4287 solvere
1260 4223 1456 4303 tenebuntur,
1486 4223 1526 4288 ad
1555 4223 1612 4288 bec
1641 4226 1740 4290 nostri
1763 4222 1983 4289 Poznaniensis
2005 4221 2146 4304 Capituli

614 4346 765 4396 consensu
785 4324 962 4407 specialiter
982 4323 1155 4388 acoedenoe.
1200 4322 1237 4387 In
1259 4324 1346 4388 cuius
1378 4325 1422 4388 rei
1445 4325 1656 4390 tesbmouium
1683 4331 1715 4392 et
1736 4325 1831 4390 robur
1856 4330 2005 4407 perpetue
2030 4323 2147 4388 valitu-

609 4450 694 4510 rum,
716 4433 876 4513 presentes
898 4425 996 4489 nostri
1018 4443 1056 4489 ac
1078 4425 1210 4507 predicti
1233 4426 1332 4491 nostri
1364 4426 1502 4507 Capituli
1528 4426 1700 4508 sigillorum
1729 4428 1916 4509 appensione
1942 4425 2071 4492 fecimus
2093 4443 2146 4490 ro-

615 4531 726 4597 borari.
760 4530 875 4595 Dabam
889 4526 1045 4593 Poznanie
1057 4527 1089 4591 in
1105 4527 1242 4593 crastino
1258 4527 1341 4593 beati
1357 4530 1440 4594 Luco
1455 4529 1661 4610 ewangeliste,
1677 4546 1758 4594 anno
1775 4528 1900 4592 Domini
1918 4525 2148 4593 nocam

615 4638 737 4716 quarto,
757 4629 952 4714 presentibus
973 4634 1007 4695 et
1028 4629 1292 4695 consentientibus
1322 4630 1470 4697 iratribus
1498 4631 1614 4696 nostris
1640 4630 1678 4696 de
1705 4630 1860 4713 capitulo,
1888 4629 2020 4695 dominis
2041 4628 2146 4712 Bogu-

614 4734 678 4802 ialo
710 4734 836 4814 decano,
861 4732 1042 4798 Wencesiao
1075 4738 1211 4812 cantore,
1241 4732 1378 4799 Iohanne
1407 4734 1545 4812 custode,
1578 4733 1724 4799 Gabriele
1753 4731 1946 4813 cancellario,
1980 4730 2147 4798 Vincentio

614 4842 743 4902 cantore
763 4835 948 4913 Gneznensi,
963 4832 1121 4916 Stephano
1142 4834 1259 4899 decano
1275 4834 1531 4915 wratislaviensi,
1554 4835 1679 4900 Andrea
1693 4835 1851 4917 preposito
1874 4833 1975 4900 sancti
1997 4832 2147 4916 Spiritus,

616 4937 751 5019 Andrea,
773 4947 806 5005 et
825 4939 895 5004 aliis
918 4936 1058 5020 pluribus
1080 4936 1236 5001 canonicis
1255 4937 1378 5002 nostris.

718 5159 903 5239 Goiconicz,
931 5161 1075 5222 Goltomo.
1118 5156 1290 5236 Dzedzicai,
1314 5161 1479 5222 Datedzice.
1524 5156 1700 5236 Rokitnica,
1722 5155 1859 5236 Poiicko,
1892 5157 1958 5219 aaa
1985 5157 2038 5217 tut
2055 5175 2146 5220 samo.
