4675 7067
1241 1157 1313 1240 Nr.
1349 1154 1472 1240 1109.

701 1351 883 1435 Iohannes
914 1351 1102 1455 episcopus
1123 1351 1359 1434 Pomaniens.
1385 1355 1526 1433 1880
1552 1350 1638 1432 llai.
1669 1354 1740 1449 13,
1768 1350 1962 1453 Pannonia
1989 1388 2046 1451 pro
2069 1387 2128 1434 su-

595 1473 784 1540 stentatione
802 1471 933 1550 rectoris¹
951 1470 1097 1536 eeclesiae
1118 1470 1149 1536 in
1172 1472 1245 1537 villa
1266 1471 1413 1538 Krerowo
1435 1489 1558 1538 censum
1581 1489 1704 1540 mensae
1726 1489 1809 1551 suae,
1831 1470 1870 1536 de
1885 1470 1997 1554 oppido
2020 1459 2129 1537 Smda

597 1575 826 1658 provenientem
847 1572 953 1638 donat.

700 1676 833 1743 Poznmi.
877 1680 994 1740 Archa
1021 1679 1156 1755 Capituli
1201 1677 1263 1739 Lib.
1282 1680 1382 1755 priuit
1405 1679 1441 1758 B,
1464 1679 1515 1738 Nr.
1538 1679 1588 1739 98.

701 1865 737 1930 11
756 1863 878 1931 nomine
899 1862 1024 1928 Domini
1045 1881 1144 1929 amen.
1190 1860 1268 1927 Cum
1286 1861 1434 1927 memoria
1455 1861 1612 1928 hominum
1637 1864 1679 1928 sit
1709 1862 1811 1929 labilis
1837 1863 1912 1946 quia
1932 1864 2023 1930 horno
2046 1864 2129 1931 labi·

604 1968 643 2033 lis
664 1974 713 2035 est
734 1975 767 2033 et
787 1967 936 2046 mortalis,
968 1984 1092 2032 necesse
1110 1971 1169 2047 est,
1203 1971 1239 2030 ut
1260 1984 1297 2030 ea
1317 1984 1378 2048 que
1399 1964 1431 2030 in
1464 1967 1600 2049 presenti
1629 1966 1786 2030 hominum
1819 1965 2021 2049 disposicione
2040 1968 2130 2034 ordi·

602 2078 726 2152 uantur,
748 2070 789 2136 ad
810 2076 990 2152 perpetuam
1012 2069 1057 2134 rei
1072 2069 1251 2135 memoriam
1266 2068 1488 2150 scripturarum
1508 2074 1540 2133 et
1554 2069 1679 2134 testium
1694 2068 1863 2133 munimine
1884 2069 2129 2151 perheuncntur.

599 2173 775 2256 Eapropter
796 2173 939 2237 noverint
965 2171 1099 2236 universi
1128 2171 1320 2253 presencium
1346 2170 1492 2236 noticiam
1520 2170 1667 2252 habituri,
1697 2171 1779 2254 quod
1800 2190 1857 2237 nos
1881 2172 2041 2252 Iohannes,
2065 2173 2131 2238 Dei

598 2276 704 2357 gracia
725 2275 885 2357 episcopus
909 2273 1036 2338 ecclesie
1057 2273 1285 2352 PozuaniensiS,
1308 2272 1465 2354 cupientes
1487 2273 1581 2337 saluti
1599 2279 1705 2338 nostre
1733 2280 1825 2357 prout
1847 2275 1971 2357 expedit
1990 2275 2127 2340 salubri·

600 2384 649 2442 ter
669 2376 841 2459 providere,
861 2393 985 2440 censum
1007 2380 1147 2439 nostrum
1163 2376 1195 2439 in
1218 2375 1378 2440 maldratis
1393 2382 1426 2441 et
1449 2374 1629 2457 fertonibus,
1650 2397 1740 2459 quern
1766 2378 1805 2443 ad
1824 2383 1964 2443 nostram
1986 2395 2129 2442 mensam

602 2478 806 2562 episcopalem
829 2483 1019 2561 spectantem
1042 2477 1191 2543 habemus
1220 2485 1253 2544 et
1274 2479 1465 2561 possidemus
1494 2481 1525 2544 iu
1546 2479 1653 2560 Sroda,
1681 2480 1797 2545 intuitu
1826 2479 1883 2545 Dei
1904 2480 2129 2562 omnipotentis

601 2587 633 2646 et
655 2580 837 2646 Sanctorum
859 2581 934 2661 eins,
957 2579 1084 2645 ecclesie
1103 2578 1185 2645 beati
1208 2580 1354 2645 Iohannis
1376 2582 1518 2664 Baptiste
1539 2588 1644 2647 nostre
1659 2582 1849 2647 fundationis
1865 2601 1933 2648 curu
1956 2583 2028 2665 (sic)
2049 2583 2130 2647 villa

600 2688 708 2749 nostra
727 2681 872 2762 Crirowo,
894 2681 932 2747 de
954 2700 1103 2747 consensu
1125 2683 1262 2746 unanimi
1283 2689 1315 2747 et
1336 2682 1496 2748 voluntate
1519 2681 1654 2765 Capituli
1676 2683 1784 2764 nostri,
1813 2702 1869 2766 pro
1891 2684 2124 2750 sustentacioue

601 2786 730 2852 rectoris
751 2785 888 2850 eiusdem
911 2784 1047 2864 ecclesie,
1079 2785 1132 2866 qui
1151 2792 1200 2850 est
1221 2791 1276 2850 aut
1298 2784 1392 2850 fuerit
1418 2803 1474 2868 pro
1497 2792 1642 2868 tempore,
1675 2786 1851 2869 peripsum
1882 2788 2003 2851 nomine
2025 2786 2128 2869 ipsius

601 2887 728 2953 ecclesie
749 2887 965 2969 possidendum
987 2890 1135 2969 perpetue
1158 2893 1264 2953 tenore
1279 2888 1469 2970 presencium
1484 2888 1643 2969 donamus,
1666 2887 1850 2954 conferimus
1865 2895 1897 2953 et
1918 2890 2015 2954 eciam
2036 2888 2129 2953 duni·

601 3008 670 3055 mus
691 2988 913 3055 ascribendum.
957 2989 994 3052 In
1016 2988 1104 3054 cuius
1126 2989 1169 3055 rei
1194 2990 1413 3069 testimonium,
1436 2992 1630 3074 presentibus
1653 2997 1792 3057 nostrum
1812 2993 1971 3074 nostrique
1988 2991 2130 3074 Capituli

602 3092 702 3174 sigilla
724 3090 867 3156 duximus
885 3091 1076 3174 apponenda.
1124 3092 1237 3157 Actum
1260 3099 1293 3158 et
1314 3091 1421 3157 datum
1442 3093 1596 3158 Poznauie
1619 3092 1664 3157 ΙΙΙ
1688 3093 1761 3158 ldus
1786 3093 1869 3176 May,
1900 3112 1980 3159 anno
2003 3093 2130 3159 Domini

602 3208 830 3274 mcccxxx,
860 3193 1054 3276 presentibus
1087 3200 1119 3259 et
1151 3194 1415 3260 consencientibus
1447 3193 1594 3260 fratribus
1627 3196 1741 3260 nostris
1769 3196 1807 3260 de
1837 3194 2000 3278 Capitulo:
2029 3195 2130 3261 domi-

602 3296 651 3360 nis
673 3296 829 3362 Abraham
842 3296 1021 3377 scolastico,
1051 3297 1152 3361 Adam
1174 3302 1309 3377 cantore,
1342 3296 1503 3362 Dominico
1525 3297 1750 3378 archidiacono,
1781 3297 1915 3381 Voyslao
1934 3298 2129 3379 cancellario,

603 3396 760 3480 Stephano
782 3398 896 3463 decano
918 3397 1185 3478 Vrathislaviensi,
1208 3397 1351 3463 Gabriele
1373 3398 1577 3480 thesaurario,
1602 3398 1767 3474 Clemente,
1791 3399 1958 3482 Stephano,
1989 3400 2131 3465 Iohanne

603 3506 802 3582 procuratore
823 3504 939 3580 nostro,
974 3500 1109 3566 Iohanne
1128 3500 1167 3566 de
1190 3500 1345 3583 parochia,
1380 3500 1507 3567 lascone
1525 3501 1607 3567 dicto
1629 3502 1749 3567 Bonum
1772 3521 1872 3582 mane,
1909 3501 2042 3584 hadrec,
2065 3502 2130 3569 alio

604 3603 739 3684 111111,
759 3603 915 3670 canonicis
935 3605 1060 3686 nostris,
1083 3609 1115 3670 et
1136 3603 1216 3669 aliis.

708 3807 815 3890 Sroda,
838 3793 946 3875 riroda.
992 3808 1139 3890 Crirowo,
1163 3813 1310 3875 Krerorvo.

1254 4109 1325 4192 nr.
1362 4104 1486 4189 1110.

636 4409 643 4428 ἱ
705 4305 888 4428 lohannes
915 4303 1100 4405 episcopus
1127 4302 1364 4383 Pozuaniana
1391 4306 1536 4383 1330
1563 4301 1635 4384 Iul
1668 4306 1715 4392 6,
1742 4303 1783 4385 in
1810 4304 1960 4385 ecclesia
1993 4304 2130 4386 Ponna·

605 4423 947 4508 men813Viglossium
970 4423 1111 4488 heredem
1133 4423 1172 4486 de
1195 4420 1403 4504 Niemierzyce
1426 4428 1458 4487 et
1479 4422 1596 4488 incolas
1618 4422 1709 4489 uillae
1731 4424 1876 4505 ciusdem,
1897 4425 1935 4490 ad
1951 4425 2132 4492 solvendum

606 4527 740 4591 decimas
759 4526 975 4607 manipulatim
995 4523 1211 4590 archidiacono
1230 4524 1433 4590 Pozuaniensi
1456 4525 1685 4591 sententialiter
1707 4526 1898 4592 condemnat.

712 4627 843 4693 Poznori.
888 4631 1004 4693 Archiv.
1033 4632 1169 4706 Capituli.
1215 4631 1275 4692 Lib.
1295 4634 1395 4706 privil.
1420 4632 1454 4704 B,
1480 4633 1531 4693 Nr.
1555 4631 1629 4693 107.

710 4832 746 4897 ln
766 4833 887 4899 nomine
909 4833 1032 4899 Domini
1053 4852 1151 4898 amen.
1198 4831 1276 4897 Cum
1299 4851 1402 4898 coram
1424 4832 1512 4898 nobis
1533 4817 1679 4913 Iohanne,
1712 4832 1768 4897 Dei
1789 4832 1894 4915 gracia
1915 4833 2057 4916 episcopo
2080 4852 2130 4898 ec·

609 4935 700 5003 clesie
720 4935 949 5016 Pozuaniensis,
969 4936 1051 5000 inter
1070 4934 1216 5000 dilectum
1240 4934 1327 5000 nobis
1358 4933 1483 5000 fratrem
1517 4937 1550 5000 in
1580 4935 1704 5001 Christo
1739 4935 1895 5000 dominum
1926 4934 2131 5017 Dominicum‚

608 5035 857 5104 archidiaconum
879 5044 1020 5103 nostrum
1040 5038 1291 5117 Pozuaniensem‚
1314 5042 1449 5102 actorem
1472 5057 1510 5102 ex
1529 5057 1599 5118 una,
1623 5045 1655 5103 et
1677 5037 1849 5120 Viglosium
1869 5037 2013 5103 heredem
2035 5036 2130 5102 bono-

607 5159 676 5205 rum
699 5141 849 5221 Nemirse,
872 5142 994 5205 nominc
1017 5139 1185 5204 incolarum
1209 5139 1280 5203 ville
1302 5139 1448 5219 eiusdem,
1470 5158 1556 5204 reum
1580 5146 1669 5222 parte
1691 5158 1728 5204 cx
1748 5139 1857 5219 altera,
1886 5158 1980 5223 super
2002 5140 2129 5205 decimis

608 5241 719 5307 ibidem
742 5249 812 5307 orta
833 5242 942 5307 luisset
963 5242 1093 5307 materia
1115 5241 1296 5324 questionis,
1326 5241 1407 5306 idern
1429 5241 1570 5307 dominus
1603 5241 1837 5307 archidiaconus
1866 5244 1977 5325 petivit
1995 5243 2026 5307 in
2050 5243 2129 5307 iudi-

609 5345 666 5424 cio,
689 5344 805 5410 dictum
827 5345 969 5410 heredem
992 5345 1114 5411 nomine
1142 5344 1312 5409 incolarum
1337 5344 1556 5427 predictorum,
1584 5344 1642 5410 sibi
1670 5346 1793 5411 nomine
1821 5345 1975 5428 prebende
1996 5364 2050 5410 sue
2072 5345 2130 5409 Po·

608 5449 782 5513 ananiensis
803 5448 843 5513 ad
865 5449 1051 5514 solucionem
1073 5448 1261 5514 decimarum
1284 5448 1498 5530 manipulatim
1532 5448 1701 5513 faciendam
1731 5448 1960 5514 sentencialiter
1991 5447 2133 5513 condem·

609 5550 714 5633 pnari3
734 5550 790 5614 lite
812 5569 883 5614 vero
905 5550 987 5615 inter
1008 5556 1112 5633 partas
1135 5551 1272 5634 legitime
1293 5555 1467 5616 contestata
1488 5557 1520 5615 et
1546 5557 1683 5633 prestato
1708 5550 1890 5633 apartibus
1912 5550 1983 5615 hinc
2005 5551 2076 5615 inde
2094 5551 2133 5616 de

611 5654 786 5736 calumpnia
806 5653 987 5735 iuramento,
1009 5654 1168 5737 productis
1191 5654 1323 5720 testibus
1345 5660 1504 5719 eteorum
1528 5652 1783 5719 attestacionibus
1810 5651 1984 5735 publicatis,
2008 5653 2133 5718 tandem

612 5756 788 5822 conclusum
811 5757 843 5820 in
865 5775 958 5823 causa
978 5758 1084 5823 estitit
1105 5758 1177 5823 hinc
1199 5764 1231 5822 et
1253 5757 1332 5822 inde.
1377 5755 1442 5821 Nos
1471 5756 1545 5820 risis
1569 5763 1601 5820 et
1623 5757 1738 5821 auditis
1770 5755 1907 5837 parcium
1934 5755 2061 5835 iuribus,
2084 5775 2133 5822 ra-
