4675 7067
1150 1112 1223 1195 nr.
1258 1108 1381 1196 1241.
1478 1073 1481 1078 ’

606 1303 817 1387 Kaaimirus
842 1325 907 1385 roa
932 1302 1080 1386 Polonie
1107 1309 1238 1386 1345
1265 1304 1350 1391 liei.
1374 1309 1461 1404 23,
1487 1305 1670 1410 drnoamq
1691 1275 1828 1393 ‚cinae
1864 1326 2026 1392 wnnowa

504 1423 611 1492 villum
630 1425 809 1510 Pruymyna
830 1423 957 1490 confert
1635 1485 1637 1489 Α
1681 1459 1682 1463 =
1714 1461 1717 1468 ›
1836 1479 1840 1487 .

608 1527 739 1594 Poenae.
783 1530 1136 1606 addemnabant.
1182 1533 1355 1610 bramtodt,
1381 1530 1442 1594 Lab.
1460 1533 1561 1608 privil.
1581 1534 1633 1607 sol.
1652 1533 1683 1596 4„
1808 1585 1809 1589 ,

603 1714 641 1779 In
659 1714 783 1780 nomine
804 1714 928 1780 Domini
957 1732 1056 1780 amen.
1101 1714 1189 1794 Quod
1217 1714 1379 1800 magnifica
1403 1687 1561 1801 regnantis
1590 1663 1737 1784 mmestas
1762 1714 1863 1782 fucere
1890 1716 2026 1782 decrerit

503 1815 543 1883 ob
564 1817 676 1883 merita
697 1834 823 1882 suorum
845 1815 992 1897 fidebam,
1014 1816 1106 1883 debet
1126 1836 1194 1883 ease
1215 1817 1337 1884 firmum
1358 1825 1391 1886 et
1412 1819 1523 1886 stabile
1544 1820 1699 1903 roburque
1727 1824 1875 1902 perpetue
1896 1819 2025 1885 firmita-

502 1917 545 1984 tis
566 1917 721 1984 obtinere:
759 1918 891 1984 Proinde
912 1937 969 1984 nos
996 1917 1182 2000 Kazimirus,
1212 1920 1271 1986 Dei
1298 1921 1400 2005 gratia
1427 1941 1481 1988 rex
1510 1922 1637 1990 Polonie
1665 1926 1774 1991 notum
1804 1920 1934 1988 iacimus
1956 1922 2024 1988 uui-

501 2022 599 2088 versis
617 2029 683 2089 tam
706 2021 900 2104 presentibus
919 2040 1013 2104 quam
1032 2021 1146 2088 iubaris
1169 2029 1344 2106 presentem
1365 2025 1508 2108 paginam
1522 2024 1716 2109 inspecturis,
1732 2024 1815 2108 quod
1829 2024 2024 2090 considerata

500 2145 614 2209 magna
633 2124 783 2192 fidelitate
804 2130 837 2190 et
858 2126 1032 2192 constantia
1053 2126 1217 2210 multiplici
1248 2125 1336 2193 nobis
1362 2127 1499 2194 exhibita
1530 2146 1586 2212 per
1610 2131 1733 2193 nostros
1754 2125 1860 2193 fideles
1882 2127 1963 2194 cives
1984 2128 2022 2193 de

502 2228 676 2310 Wscbowa,
698 2227 738 2294 ob
759 2246 852 2311 quam
873 2225 1054 2294 fidelitatem
1084 2228 1243 2312 cupientes
1273 2229 1350 2313 ipsis
1372 2248 1410 2295 ex
1441 2235 1549 2296 nostra
1566 2230 1671 2314 gracia
1698 2228 1859 2313 specialem
1885 2230 2022 2295 consola-

501 2331 616 2398 tionem
636 2330 798 2414 impertiri,
820 2335 857 2396 ut
877 2349 913 2397 eo
935 2332 1033 2398 maior
1049 2329 1183 2397 fidelitas
1205 2331 1287 2397 inter
1308 2333 1392 2416 ipsos
1406 2333 1509 2416 vigeat
1528 2339 1561 2398 et
1581 2333 1687 2399 eadem
1702 2332 1811 2398 civitas
1832 2333 2022 2414 melioretur,

501 2435 620 2515 damus
643 2433 830 2517 inimgimus
849 2440 883 2500 et
900 2434 1077 2501 eminemus
1100 2435 1219 2500 civitati
1240 2435 1378 2518 predicte
1399 2441 1432 2502 et
1457 2435 1652 2502 universitati
1673 2436 1710 2500 in·
1734 2434 1897 2500 Wschowa
1919 2435 2023 2500 uillam

499 2537 614 2605 dictam
635 2537 801 2620 Przyczyn,
824 2555 894 2603 cum
915 2538 1045 2605 ecclesia
1066 2545 1099 2604 et
1113 2539 1248 2604 dominio
1263 2540 1438 2623 pertinente
1461 2540 1501 2606 ud
1522 2540 1619 2623 ipsam
1635 2539 1749 2618 villam,
1774 2557 1833 2621 que
1855 2538 1936 2605 iacet
1950 2544 2023 2604 ante

499 2641 668 2723 predictam
690 2638 857 2719 civitatem,
879 2645 972 2722 prout
994 2641 1101 2707 edem
1124 2640 1251 2706 villain
1273 2640 1525 2708 circumferentiis
1555 2642 1619 2708 suis
1641 2648 1689 2708 est
1716 2642 1864 2707 distincta
1889 2646 1923 2706 et
1943 2641 2022 2705 limi-

498 2748 567 2808 tata
588 2742 762 2822 tenendam,
784 2740 956 2808 habendam
978 2749 1011 2809 et
1032 2750 1181 2827 perpetuo
1201 2745 1422 2828 possidendam.
1457 2745 1604 2810 Preterea
1623 2744 1733 2811 damus
1748 2744 1823 2827 ipsis
1845 2742 1972 2823 oivibm,
1988 2743 2020 2808 in

498 2846 584 2911 silvis
603 2845 718 2910 nostris
739 2850 772 2910 et
793 2844 893 2910 borris
911 2846 1082 2912 iacentibus
1115 2865 1211 2930 prope
1243 2847 1433 2914 Wsohowam
1463 2848 1547 2930 ligna
1576 2848 1785 2929 cuiuscunque
1813 2845 1877 2911 sint
1902 2845 2021 2927 generis

498 2948 685 3028 succindcre,
706 2948 842 3029 recipere
863 2947 902 3012 ad
924 2948 1127 3030 plantandam
1146 2949 1273 3014 eandem
1297 2950 1454 3015 civitatem
1474 2955 1531 3016 aut
1552 2949 1591 3015 nd
1618 2948 1758 3031 quamvis
1786 2947 1879 3013 adam
1901 2947 2020 3012 utilita-

498 3057 561 3117 tem
582 3050 679 3133 ipsius
701 3050 846 3130 civitatis,
870 3049 955 3116 nullo
977 3051 1101 3133 penitus
1123 3052 1207 3133 ipsos
1238 3057 1270 3118 et
1291 3051 1458 3134 quemlibet
1485 3053 1622 3135 ipsorum
1644 3050 1677 3115 in
1700 3050 1757 3116 boc
1782 3050 1968 3133 impediente
1989 3055 2021 3114 et

499 3152 711 3236 perturbante.
756 3152 792 3216 In
815 3152 902 3217 cuius
923 3152 968 3218 rei
984 3154 1205 3234 testimonium,
1228 3160 1369 3219 nostrum
1383 3153 1518 3236 sigillum
1534 3154 1677 3219 duximus
1690 3152 1885 3236 presentibus
1906 3169 2021 3233 appen-

498 3255 641 3321 dendum.
686 3254 801 3320 Datum
825 3253 1026 3321 draconem
1049 3256 1185 3322 crastino
1209 3257 1401 3323 sanctissime
1423 3256 1594 3339 Trinitatis,
1617 3275 1697 3322 anno
1713 3254 1836 3320 Domini
1858 3253 2020 3319 millesimo

497 3356 712 3424 trecentesimo
734 3357 968 3440 quadragesimo
990 3358 1109 3441 quinto.

600 3562 772 3642 Wscbowa,
795 3561 980 3646 Pmyczyna,
1004 3564 1069 3626 dzii
1091 3567 1143 3627 talc
1164 3583 1254 3628 sumo.

1145 3862 1217 3944 Nr.
1252 3856 1377 3944 1242.

598 4056 808 4137 Knnimirns
835 4077 899 4136 rer
925 4055 1071 4137 Polonie
1099 4060 1234 4136 1345
1260 4056 1347 4138 liti.
1365 4059 1450 4152 23,
1479 4054 1660 4156 cracovia
1683 4073 1763 4138 eves
1794 4072 1832 4137 ue
1856 4072 2017 4138 wseuowa

495 4176 535 4242 ab
553 4175 696 4241 omnibus
719 4177 869 4242 theloneis
889 4176 1000 4241 liberos
1021 4194 1089 4241 esse
1111 4175 1206 4241 iubet.
1366 4172 1367 4175 ’

597 4282 735 4357 Perpcm.
758 4285 870 4358 crypta.
917 4282 962 4340 No
980 4281 1097 4340 atelnod
1114 4280 1274 4358 jecmaan,
1307 4284 1409 4341 alelen.
1431 4284 1521 4363 wiazq
1547 4281 1662 4341 ulumle'
1692 4284 1824 4364 pieczpci
1848 4283 2016 4355 mqr'esluty-

493 4380 584 4458 cmc'j
601 4386 787 4444 Kuzimier'zo
808 4380 901 4444 lodic.

597 4484 731 4546 Poznori.
776 4487 891 4560 Kdnipl.
916 4486 1019 4544 Stouto
1040 4486 1128 4547 Arcb.
1174 4485 1262 4546 stadt
1285 4487 1457 4556 Froastudt,
1481 4486 1533 4547 Nr.
1553 4486 1582 4546 1.

595 4687 769 4752 Kazimirus
788 4686 845 4751 Dei
866 4687 970 4769 gracia
995 4705 1049 4750 rex
1079 4685 1215 4768 Polonie,
1250 4687 1400 4752 universis
1433 4686 1694 4754 theloneatoribus
1721 4685 1769 4749 vel
1799 4687 1879 4750 vices
1909 4703 2014 4750 eorum

491 4791 669 4872 gerentibus
692 4791 723 4855 in
745 4797 851 4855 nostro
873 4806 966 4871 regno
988 4788 1191 4854 existentibus
1214 4790 1245 4852 in
1267 4788 1499 4871 quibuscunque
1521 4790 1607 4870 locis,
1636 4788 1675 4853 ad
1697 4806 1775 4870 quos
1796 4806 1922 4870 presens
1941 4789 2014 4853 scri-

492 4898 579 4976 ptum
601 4894 784 4976 pervenerit,
807 4894 941 4975 graciam
964 4910 1051 4957 suam
1075 4911 1142 4957 cnm
1165 4892 1356 4974 plenitudine
1378 4892 1477 4958 omnis
1500 4892 1580 4956 boni.
1626 4890 1703 4955 Cum
1725 4890 1883 4955 credarms
1906 4908 1959 4954 vos
1982 4896 2014 4954 et

492 4996 757 5078 unumquemlibet
779 5001 914 5061 vestrum
938 5013 999 5059 non
1020 4996 1127 5076 latare,
1147 4994 1300 5076 quomodo
1330 4995 1411 5059 cives
1431 4994 1469 5059 de
1491 4994 1634 5059 Vsohova
1660 5011 1802 5074 magnam
1830 4991 1918 5057 nobis
1940 4991 2014 5056 fide·

491 5098 612 5164 litatem
635 5099 845 5178 ostenderunt,
876 5099 907 5163 in
929 5116 991 5180 qua
1020 5103 1094 5162 sunt
1126 5097 1336 5179 persistentes,
1370 5115 1431 5161 non
1459 5097 1580 5163 modica
1600 5096 1733 5178 dampna
1764 5096 1795 5158 in
1817 5094 1908 5159 rebus
1930 5095 2012 5158 etin

491 5199 699 5264 destructione
721 5201 856 5264 eiusdem
879 5201 1013 5265 civitatis
1036 5200 1249 5264 incurrerunt:
1274 5217 1329 5264 nos
1351 5198 1390 5264 ob
1404 5199 1462 5265 hoc
1485 5198 1643 5280 cupientes
1666 5196 1834 5278 predictam
1857 5197 2011 5261 civitatem

491 5307 523 5366 et
545 5319 650 5365 omues
668 5301 700 5364 in
722 5302 791 5382 ipsa
811 5301 988 5366 habitantes
1010 5300 1175 5366 meliorare
1198 5301 1334 5383 ipsisque
1357 5301 1396 5366 ul
1419 5301 1661 5365 consolacionem
1691 5299 1827 5380 ipsorum
1849 5298 2012 5380 specialem

490 5402 624 5487 graciam
648 5402 764 5483 largiri,
788 5403 871 5486 ipsos
904 5408 1053 5485 perpetuo
1086 5403 1314 5486 quemlibetque
1348 5404 1484 5485 ipsorum
1511 5402 1697 5468 absolvimus
1730 5407 1762 5466 et
1785 5401 1950 5466 liberamus
1973 5399 2012 5464 ab

490 5505 634 5572 omnibus
656 5510 688 5569 et
709 5504 749 5570 ab
770 5504 899 5587 singulis
922 5504 1073 5569 theloneis
1096 5524 1149 5570 seu
1171 5505 1332 5588 guidagiis,
1355 5506 1387 5569 in
1410 5503 1640 5587 quibuscunque
1662 5503 1736 5569 locis
1752 5508 1784 5568 et
1806 5521 2010 5585 quarumcun-

490 5627 549 5691 que
570 5626 769 5691 personarum
789 5608 926 5673 existant
948 5609 1130 5673 secularium
1146 5609 1194 5675 vel
1216 5609 1433 5692 spiritualium,
1455 5607 1542 5672 vobis
1556 5613 1588 5673 et
1609 5604 1737 5672 cuilibet
1751 5610 1888 5670 vestrum
1909 5606 2012 5688 grado

490 5718 594 5776 nostre
615 5711 672 5776 sub
693 5711 822 5776 obtentu
844 5711 1026 5792 inhibentes,
1050 5713 1214 5794 quominus
1244 5730 1262 5776 a
1283 5710 1429 5793 predictis
1454 5709 1571 5775 civibus
1601 5715 1633 5774 et
1659 5728 1679 5774 a
1706 5706 1844 5790 quolibet
1866 5709 2011 5790 ipsoram,
