4675 7067
971 1180 1043 1262 Nr.
1088 1175 1213 1261 1096.

435 1392 585 1494 llagist
618 1357 746 1474 Petrus
777 1392 934 1474 decanus
970 1390 1117 1476 ecclesio
1148 1389 1385 1473 Pomaniens.
1418 1392 1454 1472 ot
1484 1389 1673 1472 cancellar.
1706 1388 1853 1488 Poionic

248 1608 250 1613 ¹
332 1512 680 1596 etc.1329Febr.
716 1515 786 1611 19,
817 1512 859 1594 in
884 1512 1071 1613 ΜΘΖΘῖΪῦΖς
1094 1532 1299 1612 protestatur,
1318 1527 1441 1594 Miscitz
1464 1533 1496 1594 et
1511 1527 1664 1595 Missanta
1677 1529 1781 1596 villam
1796 1529 1853 1597 mi·

332 1653 390 1700 nor
411 1631 593 1717 Wyszandw
615 1632 804 1699 monasterio
827 1631 967 1715 Paradyt
986 1630 1077 1698 modo
1098 1629 1270 1696 amicabilis
1294 1631 1523 1714 compositionis
1545 1632 1724 1715 resignasse.

434 1741 570 1814 Pereunt.
593 1740 705 1814 orpora
756 1738 886 1820 Wcipcr'o
905 1753 1091 1813 poprzcczoc
1113 1738 1152 1797 od
1168 1738 1405 1814 przpmicszcm'o
1422 1738 1556 1818 pieczccr'
1576 1737 1680 1798 osobno
1702 1738 1853 1799 zacborrn·

330 1839 397 1916 nc'j,·
418 1848 449 1902 ta
463 1842 527 1916 jcst
545 1842 701 1916 podbcina
725 1842 736 1900 i
755 1839 911 1917 myobruia
926 1859 951 1899 ro
972 1836 1081 1916 pdrndj
1101 1837 1199 1922 czpici
1220 1837 1331 1913 Nm‘s‘ro.
1356 1841 1460 1922 Pannp
1481 1841 1732 1921 meretriciam,
1752 1860 1778 1901 ru
1793 1841 1853 1902 dol·

331 1943 384 2021 nc'j
403 1942 457 2006 zai
479 1945 502 2005 3
522 1944 616 2022 oroby,
635 1965 652 2005 z
671 1941 795 2022 lctdryclr
817 1947 890 2005 dmie
908 1941 1060 2006 zrordconc
1079 1963 1104 2002 m
1119 1947 1189 2004 leroo
1203 1945 1245 2004 lca
1259 1939 1390 2022 truens,
1404 1941 1558 2026 klpczocc'j
1565 1945 1631 2019 pod
1643 1944 1852 2007 buldccbiocm

336 2049 474 2125 Uspodu
495 2054 580 2109 tarcz
597 2068 615 2108 z
635 2050 755 2124 podiens
776 2054 938 2121 zetarium
959 2049 1048 2122 napis
1069 2066 1095 2106 ro
1117 2047 1224 2106 odolo:
1246 2041 1277 2108 S.
1300 2043 1386 2108 Petri
1407 2041 1542 2108 doctoris
1563 2044 1767 2110 decretorum.

432 2147 563 2211 Pomad.
618 2151 776 2212 Bibliotelro
810 2146 974 2227 Raczprislc.
1026 2151 1163 2224 diploma
1204 2149 1234 2225 θ,
1267 2148 1318 2210 13.
1348 2182 1390 2191 -
1424 2145 1600 2226 Roczprirlci.
1636 2151 1704 2214 eod.
1735 2153 1851 2229 diplom.

332 2254 441 2315 Maior.
463 2252 567 2315 Peion.
591 2253 642 2316 90.

431 2472 582 2539 Noverint
600 2474 735 2539 universi
758 2474 797 2539 sd
819 2492 896 2557 quos
916 2492 1042 2556 presens
1072 2474 1221 2556 scriptum
1249 2473 1414 2555 devenerit,
1439 2475 1522 2558 qnod
1544 2494 1600 2541 nos
1629 2475 1776 2559 magister
1796 2477 1854 2545 Pe·

329 2581 407 2657 trus,
428 2577 563 2643 decanus
593 2577 719 2643 ecclesie
750 2578 968 2643 Poznaniensis
1001 2583 1034 2643 et
1066 2577 1271 2643 cancellarius
1292 2577 1418 2643 Polonie
1448 2579 1529 2660 regis
1558 2597 1594 2644 ac
1613 2579 1799 2645 castellanus
1820 2581 1853 2647 iu

328 2680 488 2761 Mesenen,
511 2680 664 2762 iudexque
684 2678 724 2745 ab
745 2680 812 2762 ipso
846 2699 919 2763 rege
938 2681 1125 2746 constitutus
1144 2681 1178 2745 in
1198 2700 1292 2746 causa
1317 2700 1377 2764 que
1398 2680 1577 2748 vertebatur
1592 2681 1675 2748 inter
1695 2681 1852 2751 dominum

328 2783 471 2850 abbatem
493 2789 526 2848 et
547 2788 731 2848 conventum
752 2783 862 2848 domus
880 2783 1039 2866 Paradyst
1062 2790 1152 2867 parte
1176 2804 1214 2849 ex
1237 2803 1307 2863 nna,
1330 2804 1367 2850 ac
1389 2786 1471 2850 inter
1492 2783 1614 2850 Miscitz
1636 2789 1669 2849 et
1690 2784 1851 2868 Mimanta,

328 2892 417 2971 parte
435 2906 473 2952 en
494 2886 603 2965 altera,
625 2904 718 2968 super
739 2887 872 2969 quadam
902 2886 975 2951 villa
1004 2886 1088 2952 dicta
1117 2888 1218 2967 minor
1247 2887 1439 2967 Vischenow‚
1463 2888 1515 2971 qui
1536 2906 1573 2952 ex
1599 2893 1731 2970 utraque
1753 2895 1851 2971 parte,

328 2994 455 3072 propter
476 2989 596 3054 viarum
610 2988 788 3054 discrimina
810 2993 842 3055 et
856 2990 917 3054 elia
939 2990 1038 3054 multa
1059 2973 1208 3072 pericula
1219 2990 1373 3069 evitanda,
1398 2991 1464 3055 sine
1478 2989 1611 3071 strepitu
1632 2989 1708 3055 iuris
1729 3010 1851 3075 compo-

327 3090 438 3158 sitione
460 3090 613 3156 amicabili
636 3091 907 3171 concordaverunt‚
934 3092 989 3171 ita,
1012 3093 1094 3173 quod
1115 3093 1246 3175 predicti
1276 3092 1399 3158 Miscitz
1422 3096 1455 3158 et
1480 3091 1633 3159 Missanta
1654 3111 1690 3158 ac
1711 3094 1851 3161 Andreas

328 3214 390 3261 una
411 3214 480 3260 cum
502 3211 607 3259 sorore
626 3194 773 3276 ipsorum,
797 3195 920 3260 nomine
942 3195 1101 3274 Unislava‚
1125 3196 1157 3260 in
1172 3201 1280 3261 nostra
1294 3195 1451 3278 presentia
1469 3195 1593 3260 domino
1612 3194 1719 3262 abbati
1733 3201 1766 3262 et
1779 3215 1852 3262 con·
1892 3210 1894 3214 ‘

327 3297 432 3363 ventui
454 3297 492 3362 de
514 3295 661 3361 Paradiso
683 3297 853 3378 predictam
879 3296 993 3375 villam,
1023 3315 1115 3378 quam
1146 3303 1220 3362 aute
1249 3297 1341 3362 titulo
1374 3295 1538 3378 emptionis
1566 3297 1620 3362 diu
1641 3299 1851 3380 possederant,
1971 3316 1975 3325 ·

327 3399 454 3465 liberam
477 3417 546 3464 cum
570 3399 653 3463 omni
675 3399 811 3464 utilitate
834 3399 1077 3480 resignavemnt‚
1099 3399 1357 3465 abrenunciantes
1387 3401 1469 3465 omni
1492 3401 1559 3465 iure
1584 3400 1658 3484 (sic)
1680 3401 1851 3482 impeticio-

327 3503 384 3581 nis‚
407 3502 490 3584 quod
511 3502 556 3567 eis
578 3506 752 3583 competere
773 3502 805 3565 in
827 3521 865 3567 ea
884 3500 1056 3581 videbatur,
1079 3501 1297 3567 nichilominus
1329 3502 1546 3584 promittentes
1573 3521 1630 3584 pro
1659 3504 1724 3569 suis
1746 3501 1851 3568 iratri-

326 3604 384 3671 bus
416 3604 592 3686 Gneomyro
624 3610 657 3668 et
678 3604 813 3684 lanusio‚
846 3603 929 3686 quod
950 3603 1066 3668 nullam
1088 3604 1315 3685 impeticionem
1337 3605 1376 3669 de
1396 3604 1536 3686 predicta
1557 3605 1632 3669 villa
1652 3603 1775 3685 facient,
1794 3609 1852 3671 aut

326 3708 494 3789 periculum
518 3707 562 3771 eis
584 3707 709 3789 aliquod
731 3706 866 3772 inierant
893 3706 940 3771 vel
962 3726 1144 3789 gravamen3
1176 3706 1306 3788 quodsi
1328 3706 1466 3787 fecerint,
1489 3707 1655 3788 sepedicti
1675 3706 1796 3772 Miscitz
1818 3709 1851 3773 et
1946 3751 1948 3754 <

326 3810 479 3874 Missanta
497 3828 534 3875 ac
555 3808 695 3875 Andreas
717 3808 775 3875 boc
793 3810 894 3892 sopire
916 3814 1090 3889 teneantur,
1113 3817 1146 3875 et
1169 3810 1312 3875 abbatem
1335 3829 1403 3875 cum
1430 3814 1582 3875 conventu
1603 3827 1785 3874 conservare
1802 3808 1851 3874 in·

327 3913 498 3994 dempnem.
543 3911 703 3977 Predictus
724 3930 796 3977 vero
819 3911 914 3978 abbas
936 3917 968 3977 et
991 3918 1160 3978 conventus
1186 3918 1259 3978 ante
1288 3913 1379 3978 dictis
1402 3911 1550 3978 fratribus
1577 3912 1748 3976 dabitxm
1768 3929 1851 3977 mar·

326 4032 387 4093 cas,
420 4030 460 4073 ιν
483 4012 598 4079 solidos
626 4029 803 4095 grossorum
832 4034 888 4097 pro
917 4032 1022 4081 marca
1048 4015 1264 4096 computando.
1309 4015 1373 4081 Nos
1401 4032 1472 4080 vero
1501 4014 1671 4097 predictam
1700 4012 1851 4096 composi·

326 4115 443 4182 cionem
464 4119 586 4197 gratam
608 4120 641 4179 et
663 4120 763 4180 ratam
789 4115 946 4191 habentes,
974 4116 1163 4182 auctoritate
1190 4117 1278 4182 nobis
1307 4136 1327 4182 a
1352 4135 1424 4200 rege
1453 4117 1616 4182 commissa
1641 4117 1673 4181 in
1695 4115 1753 4199 hys
1775 4115 1851 4182 scri·

325 4217 388 4298 ptis
409 4215 625 4282 confirmamus
646 4222 679 4281 et
700 4217 799 4282 nostri
824 4218 917 4300 sigilli
943 4218 1130 4300 appensione
1155 4218 1343 4285 roboramus.
1389 4222 1468 4285 Acta
1498 4225 1572 4285 sunt
1594 4208 1660 4286 hec
1683 4219 1716 4283 in
1748 4217 1853 4284 Meze-

325 4321 387 4386 ricz
421 4339 503 4386 anno
533 4319 657 4385 Domini
688 4319 940 4401 dcccxxix,
975 4321 1020 4385 XI
1049 4321 1206 4388 Kalendas
1234 4317 1354 4403 Marcii,
1392 4322 1586 4404 presentibus
1618 4321 1676 4404 hys
1703 4319 1848 4386 testibus:

325 4423 448 4489 domino
472 4423 565 4488 Petro
587 4421 718 4505 plebano
740 4422 772 4486 in
794 4422 940 4488 Gnezena
960 4423 1000 4488 ad
1022 4429 1161 4490 sanctum
1178 4426 1339 4507 Agnetem,
1359 4426 1516 4491 Hermone
1531 4422 1690 4504 Slaveana
1713 4422 1849 4508 Segeneo

325 4525 434 4605 Breve,
456 4523 567 4590 Iacobo
588 4523 781 4606 Herendorp‚
810 4524 936 4590 lescone
955 4525 1041 4608 Zyla‚
1068 4526 1178 4592 Iacobo
1209 4527 1321 4608 Broda,
1351 4533 1384 4593 et
1411 4527 1481 4593 aliis
1505 4545 1599 4610 quam
1627 4526 1769 4610 plurimis
1789 4524 1850 4592 fide

324 4627 434 4711 dignis.

427 4831 586 4912 Mezen‘cz,
616 4837 831 4916 Mifdzyrzccz.
876 4831 1060 4914 Puradysus,
1089 4838 1221 4897 lrlasztor
1248 4836 1400 4914 Paradyi.
1445 4832 1636 4913 Vischenow,
1670 4832 1847 4915 Wyswnbrr.

327 4933 505 5014 Slaveanus‚
528 4938 565 4999 dc
588 4938 696 4999 Statua
