4675 7067
502 830 571 909 186

496 1033 685 1115 cinmtibos,
707 1032 865 1117 prodictus
887 1030 1041 1098 ilenricns
1062 1035 1095 1098 et
1115 1028 1164 1097 sui
1185 1046 1378 1098 comessores
1399 1026 1540 1114 procrea
1559 1026 1664 1096 omnia
1676 1029 1710 1095 in
1722 1026 1787 1095 inm
1799 1024 1886 1097 (licta
1897 1024 2027 1095 deitate

495 1134 619 1216 babeet,
638 1139 672 1201 et
692 1137 801 1201 utatur
821 1132 928 1201 eodem
949 1134 1017 1199 iure
1038 1137 1072 1199 et
1092 1133 1239 1215 utilitate,
1259 1130 1521 1215 pnnnndmodum
1541 1148 1600 1197 nos
1618 1132 1740 1197 utimur
1759 1131 1794 1197 in
1813 1131 1931 1197 nonu
1951 1131 2029 1197 civi·
2083 1120 2088 1126 ’

495 1236 623 1318 tatibus,
645 1237 836 1303 lbeutonioo
853 1237 923 1303 iore
944 1235 1102 1302 collocatis
1123 1234 1294 1301 monadum
1315 1234 1569 1300 consuetudine·
1589 1232 1672 1300 Novi
1699 1232 1770 1299 fori.
1813 1233 1946 1316 inope
1971 1232 2028 1298 da·

495 1356 564 1405 mus
585 1339 724 1422 predicto
747 1338 881 1405 Hearico
903 1343 936 1405 et
957 1338 1022 1403 suis
1044 1335 1272 1403 successoribus
1290 1354 1398 1402 omnes
1419 1352 1539 1416 museo,
1560 1341 1626 1401 tam
1638 1352 1768 1418 magnas
1787 1352 1884 1418 quam
1902 1350 2027 1417 parvas,

495 1440 674 1521 uindicare,
694 1440 838 1505 videlicet
850 1438 944 1519 burte,
967 1437 1139 1517 latrocinio,
1161 1436 1337 1517 homicidia,
1356 1443 1390 1503 et
1402 1437 1481 1503 abas
1494 1436 1656 1503 interiores
1676 1437 1711 1501 in
1723 1436 1852 1503 civitate
1865 1436 1929 1503 iam
1942 1436 2029 1503 ‹liotn

494 1542 690 1621 commissam
713 1546 746 1607 et
763 1558 869 1609 omnes
890 1538 1044 1605 maleficos
1066 1539 1264 1622 suspendere,
1286 1539 1450 1619 decollare,
1472 1538 1628 1620 mutilare,
1649 1543 1765 1620 rotare,
1787 1556 1934 1620 numme,
1956 1556 2027 1622 pro·

497 1642 582 1709 fatus
604 1643 759 1710 Henricus
778 1643 829 1709 vel
849 1658 923 1707 suus
945 1642 1095 1707 scultetus
1117 1642 1181 1707 iam
1200 1640 1285 1707 dicte
1305 1641 1442 1707 cifimus
1454 1640 1586 1707 liberum
1600 1641 1765 1708 arbitrium
1778 1641 2028 1709 babemtdictas

493 1764 590 1828 penes
611 1742 748 1827 inligare
768 1744 801 1811 in
822 1743 964 1811 omnibus
985 1742 1246 1809 malefactoribus.
1276 1742 1396 1816 'Etiam
1416 1742 1443 1808 si
1469 1742 1585 1825 aliquis
1615 1742 1850 1826 qunbsoumque
1876 1740 1975 1809 inerit
1993 1747 2029 1809 et

494 1846 761 1928 qualitercumque
781 1844 938 1928 aufugerit
959 1844 999 1911 ccl
1014 1862 1087 1927 sepe
1102 1845 1219 1911 dictam
1233 1845 1402 1925 civitatem,
1425 1862 1528 1911 coram
1543 1844 1630 1910 nullo
1644 1844 1760 1911 debent
1772 1862 1844 1911 eum
1857 1844 2026 1927 requirere,

496 1948 558 2014 nisi
576 1966 680 2015 coram
702 1948 841 2031 predicto
862 1947 999 2013 ilenrico
1020 1947 1069 2013 vel
1090 1947 1226 2013 sculteto
1246 1946 1343 2029 ipsius
1364 1946 1448 2012 dicte
1469 1947 1616 2013 cintcbs
1647 1945 1799 2014 Volumus
1812 1952 1929 2029 autem
1943 1946 2027 2029 quot

495 2050 600 2116 nullus
622 2055 729 2117 noster
750 2049 929 2130 advocatum,
952 2066 1009 2115 nec
1030 2048 1201 2131 vulgantur
1226 2047 1356 2114 moenio
1374 2047 1555 2131 Lantwoyri,
1582 2048 1616 2113 in
1637 2049 1701 2116 iem
1718 2048 1805 2115 dicta
1824 2049 1953 2115 civimte
1971 2048 2028 2114 ‹le-

494 2148 548 2217 bet
568 2152 689 2235 aliquos
707 2169 817 2219 censes
838 2151 1002 2232 discutere,
1020 2168 1077 2217 nec
1099 2151 1140 2218 cd
1161 2152 1264 2233 ipsum
1280 2148 1399 2230 aliquid
1413 2148 1606 2232 disponatur,
1627 2151 1684 2217 sed
1697 2150 1881 2235 simpliciter
1892 2149 2025 2217 dicendo

494 2251 633 2336 prelatus
651 2253 806 2321 Henricus
827 2258 861 2320 et
880 2254 928 2319 sui
950 2270 1141 2320 successores
1167 2253 1207 2319 de
1232 2251 1373 2319 omnibus
1399 2252 1500 2317 muns
1520 2256 1555 2317 et
1580 2251 1620 2317 tle
1645 2252 1848 2334 proventibus
1873 2268 2024 2334 penarum

493 2354 647 2438 disponn,
670 2360 703 2421 et
726 2356 768 2421 nd
792 2374 868 2421 usus
897 2372 969 2421 suos
998 2354 1121 2420 wdem
1148 2358 1311 2420 mnrmtct
1336 2354 1425 2418 iuxta
1447 2352 1641 2418 voluntatem
1661 2372 1759 2419 surm.
1804 2354 1842 2419 ln
1870 2354 1959 2419 cuius
1978 2355 2026 2421 rei

494 2456 715 2539 testimonium,
735 2464 895 2541 presentes
917 2458 1010 2524 scribi
1031 2458 1188 2537 iussimus,
1210 2456 1310 2521 nostri
1332 2454 1426 2538 sigilli
1441 2455 1611 2521 munimine
1636 2454 1800 2521 roboratas
1827 2455 2025 2537 presentibus

495 2558 555 2641 bys
577 2558 722 2626 testibus:
744 2560 856 2626 comite
876 2559 1031 2625 Kelozone
1049 2558 1220 2624 castellano
1233 2557 1419 2638 Gnesneusi,
1440 2558 1555 2623 comite
1575 2557 1693 2623 Falonc
1710 2557 1881 2624 castellano
1902 2558 1943 2623 de
1963 2557 2025 2623 Us-

494 2660 568 2741 mie,
590 2660 702 2727 comite
721 2660 843 2727 Iuliano
861 2660 1009 2743 pincerne
1030 2659 1267 2727 Gruscboviensi
1289 2659 1372 2744 (sic).
1401 2659 1517 2725 Actum
1538 2676 1620 2725 anno
1642 2659 1768 2725 Domini
1788 2659 1953 2726 millesimo
1966 2660 2024 2727 du·

494 2761 662 2853 centesimo
684 2762 881 2844 nonagesimo
902 2780 993 2843 nono,
1016 2760 1125 2827 murm
1145 2762 1179 2826 in
1201 2761 1313 2827 castris
1333 2761 1366 2826 in
1387 2760 1552 2844 Scomlyno
1578 2762 1612 2826 in
1632 2760 1684 2828 die
1711 2761 1796 2828 beati
1817 2760 1948 2827 Marum
1966 2779 2025 2844 por

492 2880 603 2929 munus
625 2862 771 2931 Iobeuuis
793 2862 953 2945 scriptoris
976 2863 1061 2929 curie
1082 2868 1199 2929 nosne.

593 3066 714 3135 Novum
738 3067 850 3150 iorum,
872 3071 1044 3145 Neurrcrtt,
1068 3074 1144 3148 croti
1168 3052 1268 3132 brodo
1287 3088 1329 3131 no
1349 3072 1488 3155 Sztpztn.
1531 3068 1722 3149 Rimmeovo,
1744 3071 1921 3148 eornm.
1955 3066 2020 3134 Ne-

492 3169 571 3251 eliel,
594 3174 702 3237 Nolrto.
745 3168 867 3251 iconie,
896 3170 1002 3247 thieto
1048 3167 1311 3251 Gruschoviensis,
1338 3176 1454 3248 perereio
1479 3190 1556 3237 znrn.
1583 3175 1803 3237 mineum.
1846 3170 2021 3253 Scomlyno‚

495 3274 636 3337 Skombn.

1154 3568 1227 3652 Nr.
1259 3564 1358 3653 826.

592 3762 824 3847 chiisleos
859 3762 962 3846 bores
993 3763 1100 3865 regni
1135 3763 1281 3846 Polonio
1309 3767 1531 3847 ote1299
1563 3764 1652 3846 liov.
1676 3768 1764 3859 29,
1791 3764 1833 3847 in
1859 3765 2019 3866 Poenam

489 3883 652 3951 confirmet
670 3883 867 3950 donationem
888 3884 1040 3950 bonorum
1061 3882 1322 3950 hereditariomm
1335 3883 1501 3967 Memniki,
1523 3882 1710 3965 Otmorovro,
1734 3884 1849 3966 Wirua,
1873 3882 1973 3952 Wiele
1986 3889 2020 3951 et

388 4016 391 4026 ·
487 3986 656 4072 Peperzyn,
665 3986 705 4053 ab
716 3986 842 4054 Andreo
852 3988 995 4069 episcopo
1007 3986 1212 4053 Pozncniensi
1226 3992 1259 4052 et
1273 3985 1442 4052 Laurentio
1455 3984 1553 4051 fratre
1566 3986 1643 4067 eius,
1660 3986 1864 4053 Pocuaniensi
1873 3985 2019 4070 Gepitulo

488 4086 650 4170 lmtamet
667 4088 757 4154 villas
771 4088 949 4171 praedictas
964 4086 1161 4154 libertatibus
1176 4088 1376 4171 antiquanrm
1391 4088 1534 4155 villarum
1547 4087 1694 4155 eclesiae
1707 4088 1884 4171 praedictae
1905 4090 2017 4155 munit

589 4195 729 4269 Pernam,
752 4194 866 4270 orppta
912 4192 1050 4254 Semerele
1062 4193 1236 4273 J’edroobnp,
1256 4195 1380 4271 nemoy,
1399 4210 1495 4269 przez
1515 4190 1678 4277 2rrcipctu
1693 4196 1935 4270 przenloezonm
1950 4196 2018 4269 pte·

487 4292 559 4378 0296
578 4296 723 4457 ²izzbkzttaori.
767 4396 885 4458 Arnim
913 4394 1051 4472 Capituli,
1075 4398 1124 4476 II,
1146 4396 1199 4459 20.

588 4595 626 4662 In
646 4594 770 4663 nomine
790 4594 916 4663 Domini
937 4614 1037 4663 nmen.
1066 4596 1132 4663 Nos
1147 4596 1428 4687 wladislnosDei
1445 4598 1552 4681 mecm
1573 4598 1663 4666 heres
1683 4600 1772 4682 regni
1792 4598 1929 4682 Polonie,
1952 4600 2016 4667 dux

486 4699 652 4779 cnoovn,
674 4695 879 4783 Sandymirie,
903 4696 1048 4784 Ouyctie,
1069 4699 1214 4767 Leucicie
1231 4705 1265 4767 et
1286 4699 1426 4785 Syrodie,
1448 4706 1557 4768 nobum
1578 4698 1709 4768 facinus
1724 4701 1876 4768 universis
1889 4720 2017 4786 mosen·

485 4802 567 4869 cium
586 4799 734 4868 noticiam
756 4800 919 4883 habituris,
942 4801 1025 4885 quod
1045 4802 1207 4869 constituti
1227 4802 1261 4867 in
1281 4808 1390 4869 nostra
1411 4808 1445 4868 et
1465 4801 1616 4870 baronum
1646 4810 1824 4871 nostrorum
1844 4805 2015 4888 presenda,

484 4903 669 4971 venerabilis
686 4904 719 4969 in
742 4902 867 4971 cbristo
889 4910 979 4987 pater
1001 4904 1143 4971 dominus
1163 4904 1306 4970 Andreas
1332 4905 1392 4971 Dei
1419 4906 1525 4988 gracie
1549 4906 1712 4990 episcopus
1738 4906 1957 4973 Poznaniensis
1983 4911 2017 4974 ot

483 5004 626 5073 dominus
647 5004 839 5073 Laurentius
859 5006 957 5072 buter
971 5024 1055 5087 suus,
1070 5006 1102 5070 in
1125 5006 1215 5087 bona,
1236 5024 1312 5071 sanc
1332 5011 1365 5073 et
1385 5007 1489 5074 valida
1507 5009 1646 5091 corporis
1666 5008 1825 5091 firmitate,
1847 5026 1911 5074 non
1929 5026 2014 5076 com·

483 5108 576 5191 pulsi,
598 5110 653 5175 sed
673 5110 712 5176 de
733 5114 857 5175 maturo
878 5126 984 5175 eorum
1006 5108 1143 5189 consilio,
1164 5110 1329 5192 presertim
1350 5126 1406 5191 spe
1425 5108 1642 5177 retribucionis
1656 5116 1771 5193 eterne,
1794 5111 1876 5179 bono
1888 5130 1947 5178 sue
1960 5110 2015 5176 bc·

483 5209 640 5291 imiteria,
666 5210 810 5276 videlicet
843 5209 1021 5276 Manczuiki
1047 5216 1080 5276 et
1109 5210 1287 5278 Otmarowo
1315 5212 1405 5277 iuxta
1432 5211 1538 5279 villam
1559 5211 1726 5279 Dambicao
1754 5231 1848 5297 snper
1878 5214 2014 5280 rivulum

482 5309 674 5392 Resainan,
696 5327 757 5393 qne
777 5310 908 5376 invicem
930 5316 1004 5376 sunt
1020 5312 1119 5393 unite,
1142 5318 1176 5377 et
1196 5312 1259 5377 ulia
1280 5313 1370 5394 bons,
1388 5313 1509 5379 scilicet
1530 5312 1659 5397 Vyrsco,
1683 5312 1772 5380 Wcle
1789 5319 1824 5381 et
1835 5315 2013 5399 rompono,

482 5410 546 5477 sita
562 5410 648 5477 ultra
668 5410 795 5478 fluvium
817 5410 924 5493 Notos,
947 5430 1008 5494 que
1026 5412 1071 5478 eis
1088 5413 1155 5477 iure
1176 5413 1364 5479 hereditario
1383 5419 1458 5480 sunt
1476 5414 1642 5497 resignato,
1664 5433 1734 5482 oum
1747 5415 1891 5483 omnibus
1904 5417 2013 5485 nocti

481 5511 550 5594 bus,
572 5512 701 5595 iuribus,
724 5510 924 5594 utilitatibus,
947 5512 1039 5595 agris,
1059 5514 1168 5594 pratis,
1191 5516 1324 5597 pascuis,
1347 5514 1476 5581 lacobus
1497 5514 1586 5581 Wele
1606 5521 1640 5582 et
1668 5516 1815 5585 Nankars
1841 5518 2013 5602 nuganter

481 5614 677 5698 nuncupatis,
700 5616 795 5698 silvis,
818 5613 938 5681 mbetis
959 5620 993 5681 et
1013 5615 1200 5698 nemoribus,
1223 5615 1370 5698 capitolo
1390 5616 1520 5683 ecclesie
1546 5618 1766 5685 Poenaniensis
1795 5638 1853 5703 pro
1874 5620 2011 5688 remeuio

481 5718 654 5784 animarum
676 5734 802 5785 suarum
823 5717 920 5785 bbere
941 5724 974 5784 et
995 5717 1169 5784 voluntarie
1191 5718 1391 5785 contulerunt
1412 5724 1446 5786 et
1466 5722 1702 5803 resignavemnt
1721 5738 1827 5788 coram
1842 5722 1941 5806 nobis,
1956 5740 2011 5805 pe·
