4675 7067
524 844 596 941 ape

516 1041 572 1106 nis
593 1036 909 1121 Brandenburgiensis
932 1035 1105 1119 tutorisque
1120 1033 1229 1116 inclyti
1242 1033 1391 1117 principis
1411 1033 1529 1099 domini
1543 1033 1691 1099 Iohannis
1712 1033 1841 1100 iunioris
1861 1034 2049 1101 marchionis

523 1139 838 1225 hamenburgensis,
860 1146 893 1208 et
912 1158 1039 1207 suorum
1060 1137 1316 1215 consiliariorum,
1339 1135 1481 1203 videlieet
1501 1136 1696 1202 dominorum
1722 1135 1918 1217 Drosikonis,
1941 1136 2049 1204 Fride-

523 1245 580 1312 rici
601 1244 641 1310 de
662 1243 854 1324 hlveslcven,
881 1241 1071 1321 Slothlronis,
1102 1239 1156 1321 qui
1184 1239 1325 1304 videntes
1353 1257 1497 1321 guerram
1522 1244 1555 1304 et
1583 1238 1824 1305 conuoversiam
1847 1256 1915 1320 qua
1931 1239 2050 1309 diutius

524 1345 705 1413 vertebatur
727 1345 809 1410 inter
835 1349 1018 1410 conventum
1039 1349 1072 1409 et
1092 1340 1237 1407 abbatem
1264 1340 1303 1404 de
1329 1338 1468 1405 Sambriz
1490 1345 1580 1422 parte
1606 1359 1644 1406 ex
1666 1359 1738 1421 una,
1765 1345 1799 1407 et
1816 1341 2049 1407 universitatem

523 1448 658 1515 civitatis
677 1447 764 1513 Nove
789 1445 921 1528 Squerin
941 1449 1032 1528 parte
1057 1463 1095 1509 err
1116 1444 1226 1524 altera,
1255 1460 1350 1524 super
1368 1440 1519 1507 limitibus
1542 1447 1575 1508 et
1596 1441 1748 1523 terminis,
1768 1442 1801 1508 in
1822 1461 1879 1509 nos
1901 1448 2050 1525 tanquam

525 1551 558 1616 in
580 1549 714 1617 arbitros
736 1549 784 1614 vel
798 1548 1000 1621 arbitratores
1014 1565 1070 1612 seu
1084 1543 1262 1611 amicabiles
1284 1543 1506 1626 compositores
1519 1545 1645 1627 utrique
1666 1544 1773 1610 extitit
1786 1545 2048 1628 compromissum.

523 1652 589 1718 Nos
611 1651 717 1734 itaque
737 1650 852 1716 auditis
873 1649 993 1714 iuribus
1014 1647 1153 1730 partium
1169 1647 1201 1711 in
1222 1646 1272 1711 his
1292 1663 1354 1727 que
1374 1664 1431 1728 per
1451 1650 1557 1728 partes
1578 1664 1751 1729 proponere
1772 1653 1958 1714 curaverunt
1978 1648 2050 1730 (sic)

524 1753 645 1836 plenius
666 1751 842 1832 intellectis,
866 1749 982 1816 Christi
1004 1750 1127 1816 nomine
1148 1749 1291 1814 invocato
1305 1746 1496 1813 arbitramur
1509 1754 1542 1814 et
1571 1745 1707 1813 finaliter
1726 1749 1975 1830 pronunciamus,
1997 1750 2050 1815 de·

524 1853 657 1936 linimus,
681 1854 738 1920 sub
761 1871 841 1936 pena
870 1853 1073 1919 ducentarum
1097 1869 1271 1918 murorum
1290 1851 1412 1932 argenti
1438 1849 1745 1932 Brandenburgensis
1773 1851 1899 1933 utrique
1913 1853 2050 1934 pardum

524 1956 679 2038 imposita,
706 1955 788 2038 qued
814 1955 926 2038 prefati
954 1954 1050 2022 abbas
1071 1958 1104 2019 et
1131 1958 1300 2019 conventus
1321 1953 1360 2018 de
1380 1951 1530 2033 Sambriz,
1556 1951 1683 2018 fluvium
1700 1953 1756 2034 qui
1773 1954 1944 2036 vrdgariter
1965 1954 2051 2022 Obrc

523 2062 729 2142 nuncupatur,
751 2063 845 2140 prout
863 2057 926 2123 sirie
948 2056 1104 2122 clauditur
1118 2055 1250 2138 ripariis,
1272 2054 1389 2120 tamin
1410 2053 1635 2136 piscacionibus
1648 2072 1742 2136 quarn
1764 2055 1798 2120 in
1816 2053 1888 2122 aliis
1907 2056 2049 2123 omnibus

524 2159 723 2240 utilitatibus,
743 2165 836 2241 prout
858 2160 996 2226 decurrit
1015 2157 1055 2224 ab
1077 2157 1144 2240 ipso
1162 2155 1350 2223 monasterio
1370 2154 1520 2238 usquein
1541 2155 1683 2237 Variam,
1703 2157 1799 2224 libere
1811 2157 1880 2224 iure
1900 2163 2050 2242 perpetuo

524 2261 742 2344 possidebant;
761 2261 807 2326 ita
827 2257 988 2341 duntaxat,
1016 2265 1052 2326 ut
1070 2259 1173 2325 neutri
1201 2259 1341 2341 parcium
1359 2258 1436 2324 inibi
1463 2257 1571 2341 aliqua
1590 2258 1767 2324 molendina
1794 2256 1973 2327 construere
1994 2268 2051 2327 aut

524 2363 654 2428 fundare
675 2363 899 2446 quoquomodo,
921 2380 979 2427 nec
999 2360 1172 2445 ingressum
1198 2360 1296 2443 ipsius
1316 2360 1391 2426 dicti
1420 2359 1507 2426 fluvii
1527 2359 1560 2425 in
1582 2360 1714 2427 Vartam
1743 2362 1784 2428 ad
1803 2379 1894 2428 usum
1911 2362 2050 2445 ipsorum

525 2465 657 2532 fratrum
692 2466 888 2548 aliquatenus
916 2483 1067 2547 occupare
1104 2464 1187 2549 (sic).
1231 2462 1320 2543 item,
1357 2466 1483 2546 pratum
1519 2462 1601 2545 quod
1634 2461 1848 2530 Moucherviae
1881 2465 2051 2547 vulgariter

525 2567 649 2649 didtvu,
671 2569 766 2634 situm
787 2587 880 2650 super
901 2567 1002 2650 ipsum
1024 2565 1150 2631 fluvium
1175 2563 1302 2644 Obram,
1330 2563 1525 2647 integraliter
1554 2563 1615 2645 ipsi
1643 2562 1756 2630 hahes
1783 2564 1982 2648 obtinebunt3
2003 2568 2051 2633 ita

524 2669 608 2752 quod
630 2669 755 2735 termini
776 2669 859 2736 inter
880 2668 1037 2734 civitatem
1063 2671 1266 2732 memoratam
1288 2665 1420 2748 Squerin
1448 2671 1482 2731 et
1501 2666 1723 2732 monasterium
1749 2666 1914 2750 prefatvum,
1935 2671 1969 2734 in
1989 2669 2051 2736 iine

517 2769 661 2838 eiusdem
687 2771 770 2853 prati
797 2788 902 2836 versus
931 2769 1087 2838 civitatm
1113 2769 1179 2834 sint
1202 2774 1236 2833 et
1263 2768 1422 2850 incipiant,
1449 2771 1483 2833 et
1511 2768 1737 2849 protendantur
1764 2787 1821 2850 per
1847 2771 1973 2838 arbores
1994 2791 2051 2854 per

527 2889 583 2938 noe
602 2871 798 2954 consignatas
817 2889 916 2955 usque
940 2871 981 2937 cd
1006 2871 1084 2937 duas
1115 2871 1243 2938 arbores
1270 2869 1345 2953 pini,
1374 2870 1535 2937 inruente
1557 2888 1654 2953 prope
1680 2876 1856 2938 scatentes
1885 2891 1941 2939 seu
1961 2875 2049 2955 sitas,

525 2991 603 3056 quas
624 2977 710 3039 terra
730 2973 1002 3056 quadrangulatim
1024 2971 1273 3040 eueumfodimus
1301 2978 1334 3038 et
1355 2972 1588 3052 cumulavimus,
1613 2971 1767 3038 distamm
1792 2994 1812 3039 a
1840 2974 1953 3057 palude
1976 2974 2051 3043 Ora·

524 3075 599 3140 vein
621 3093 678 3157 per
698 3076 837 3158 spacium
858 3075 973 3158 ingeris
988 3076 1089 3157 unius,
1112 3093 1191 3157 quas
1211 3093 1269 3156 pro
1284 3074 1426 3140 terminis
1439 3074 1641 3157 assignamus.
1685 3075 1761 3141 Post
1780 3075 1856 3160 (sic)
1877 3075 2049 3159 definimus,

524 3181 562 3242 ut
581 3177 696 3244 limites
717 3178 809 3244 istius
831 3173 1010 3244 monasterii
1031 3177 1217 3260 incipianta
1234 3177 1356 3259 gurgite
1370 3176 1435 3241 sive
1449 3175 1563 3256 Locha
1585 3176 1739 3242 existente
1761 3178 1845 3260 apud
1865 3177 2051 3262 silvamque

524 3273 672 3344 Buavvald
692 3284 899 3362 nuncupatur,
926 3296 1033 3345 versus
1052 3277 1194 3361 Squerim
1222 3282 1255 3344 et
1275 3276 1502 3360 protendantur
1529 3277 1647 3345 directe
1667 3296 1766 3361 usque
1793 3280 1834 3344 ad
1851 3299 1999 3362 quereum
2017 3281 2051 3348 in

525 3379 626 3447 medio
647 3385 799 3446 metarum
827 3380 954 3466 Kiweiz,
980 3399 1074 3462 quarn
1101 3384 1188 3445 terra
1212 3377 1461 3445 circumfodimus
1491 3382 1525 3445 et
1545 3397 1636 3445 cruce
1660 3379 1862 3462 signavimus;
1891 3382 1938 3448 ita
1967 3384 2050 3465 quod

526 3482 657 3548 eandem
677 3481 874 3548 latitudinem
902 3499 940 3547 ex
969 3487 1101 3563 utroque
1127 3479 1188 3547 line
1206 3499 1302 3563 supra
1330 3479 1461 3546 Variam
1482 3486 1516 3546 et
1543 3498 1643 3562 usque
1668 3481 1708 3546 ad
1729 3481 1854 3548 borram
1879 3484 2051 3564 proximam

526 3582 690 3662 Oraweicn,
702 3582 783 3648 sicut
793 3587 826 3648 et
839 3582 873 3647 in
887 3583 987 3649 medio
1001 3583 1164 3650 obtineant
1178 3581 1315 3666 plenarie
1326 3585 1360 3648 et
1372 3581 1531 3663 complete.
1553 3581 1597 3647 lit
1614 3581 1654 3647 ed
1669 3583 1776 3649 eadem
1792 3583 1890 3650 eciam
1901 3582 1983 3652 bona
1996 3603 2051 3667 pa·

525 3688 593 3750 teat
605 3683 682 3766 ipsis
695 3683 844 3750 hotdbus
857 3702 999 3751 coemens
1012 3703 1068 3767 per
1088 3683 1170 3749 bons
1185 3681 1331 3763 civitatis,
1351 3687 1445 3766 prout
1464 3682 1541 3764 ipsis
1559 3681 1709 3749 iratribus
1723 3682 1878 3751 ridebitur
1892 3686 2045 3769 expedire.

524 3785 664 3867 insuper,
682 3785 716 3850 in
730 3784 791 3851 fine
811 3790 964 3851 metarum
985 3785 1119 3854 civimtis
1137 3783 1270 3867 Squerin
1291 3802 1400 3850 versus
1419 3783 1587 3867 Dragheim
1608 3785 1848 3868 respicientium,
1863 3787 1924 3870 ipsi
1937 3787 2051 3855 iratres

525 3903 622 3950 unum
632 3903 773 3952 mansum
784 3886 1126 3968 extensuminlongum
1138 3885 1301 3952 obtineant
1311 3886 1403 3969 plene
1416 3886 1493 3953 iure.
1518 3885 1607 3967 item,
1619 3887 1646 3951 si
1657 3886 1779 3969 aliquis,
1791 3889 1875 3970 quod
1885 3888 1977 3970 absit,
1994 3889 2051 3956 hee

517 3987 607 4053 bona
620 3988 794 4070 impeteret,
814 3989 898 4071 ipsos
912 3987 1026 4054 iratres
1040 3993 1096 4053 aut
1110 3987 1209 4054 eciam
1223 3988 1308 4071 ipsos
1322 3989 1405 4054 cives
1420 3987 1614 4071 impediendo
1629 3988 1663 4053 in
1683 3988 1742 4070 his,
1756 3988 1818 4071 ipsi
1842 3989 1925 4057 cives
1945 3989 2051 4057 iratri-

525 4089 583 4160 bus
603 4088 672 4155 iure
693 4107 759 4170 cuo,
785 4088 868 4156 sieut
896 4094 930 4156 et
956 4089 1017 4172 ipsi
1043 4088 1156 4156 trahes
1190 4089 1307 4156 civibus
1341 4109 1398 4172 pro
1420 4088 1594 4156 obtinendis
1622 4088 1671 4155 his
1699 4089 1842 4156 omnibus
1864 4089 2052 4158 tenebuntur

526 4188 586 4255 sibi
615 4189 745 4256 invicem
776 4189 948 4273 suffragari.
992 4189 1040 4255 Ut
1067 4189 1164 4272 igitur
1190 4189 1247 4255 hec
1276 4189 1399 4272 singula
1426 4189 1521 4256 robur
1543 4191 1682 4258 habeant
1701 4197 1895 4275 perpetuum,
1923 4211 1985 4275 que
2012 4212 2051 4259 ex

524 4290 611 4357 iussu
632 4290 780 4374 principis
800 4290 931 4373 predicti
953 4296 987 4357 et
1007 4291 1252 4358 consiliariorum
1262 4292 1379 4359 domini
1403 4291 1548 4359 Iohannis
1569 4293 1698 4360 iunioris
1719 4293 1930 4376 predictorum
1951 4300 1984 4361 et
1997 4313 2050 4362 vo-

523 4393 647 4458 luntate
678 4398 711 4459 et
736 4409 887 4458 consensu
911 4392 1049 4475 parcium
1078 4397 1281 4476 utrarumque
1313 4393 1505 4476 prodierunt,
1532 4399 1691 4476 presentes
1720 4396 1842 4462 litteras
1869 4396 1985 4462 nostris
2009 4397 2051 4463 si-

524 4492 607 4576 gillis
628 4493 779 4576 appositis
800 4493 944 4560 duximus
965 4492 1182 4560 roborandas..
1206 4494 1314 4561 Testes
1335 4494 1427 4561 huius
1453 4494 1499 4561 rei
1519 4501 1608 4562 sunt:
1638 4496 1780 4563 dominus
1800 4497 1961 4564 Marsilius
1982 4517 2051 4581 pre

524 4593 645 4678 positos
659 4594 699 4661 de
719 4593 850 4676 Santolr,
864 4595 1008 4662 dominus
1026 4594 1224 4662 Hermannus
1237 4595 1387 4678 plebanus
1415 4597 1449 4662 in
1469 4596 1611 4680 Meeerin,
1633 4597 1775 4665 dominus
1796 4598 1973 4667 Fridericus
1986 4599 2052 4683 ple·

524 4696 623 4763 mirus
637 4696 671 4763 in
684 4695 903 4780 Weissensese,
925 4698 1052 4781 insuper
1065 4697 1198 4766 Ptonest
1212 4699 1394 4782 capitaneus
1405 4699 1438 4765 in
1452 4699 1606 4782 Squerim
1627 4700 1761 4767 demnas
1779 4699 1851 4784 (sie)
1864 4701 1905 4767 de
1926 4701 2050 4784 Wencz,

526 4797 643 4866 lideiro
661 4798 702 4867 de
722 4798 867 4882 Genaua,
890 4817 960 4868 cum
978 4799 1049 4866 aliis
1069 4818 1162 4882 quam
1185 4800 1325 4883 pluribus
1345 4801 1516 4885 tidedignie.
1560 4804 1675 4868 rictum
1701 4807 1735 4868 et
1754 4801 1864 4869 datum
1884 4822 1966 4871 anno
1988 4805 2051 4870 Do

527 4901 605 4968 mini
623 4901 787 4969 millesimo
812 4901 1029 4970 trecentesimo
1052 4902 1229 4985 tredecimo,
1250 4903 1283 4969 in
1305 4904 1441 4971 crastino
1461 4901 1654 4970 inventionis
1675 4903 1775 4970 amoti
1796 4903 1948 4988 Stephani
1971 4925 2052 4972 mar-

525 5003 606 5087 tiris,
629 5004 727 5072 tercio
744 5004 815 5088 (sic)
834 5005 941 5072 Nonas
962 5005 1106 5089 Augusti.

627 5205 847 5288 Marievulden‚
872 5211 1118 5274 rememorare.
1162 5207 1378 5290 Gmssendori,
1406 5209 1579 5284 Wr'clurviat,
1601 5213 1706 5274 mitto
1724 5215 1818 5276 orado
1842 5217 1854 5274 i
1873 5221 2050 5292 praecepto·

526 5315 603 5373 rirorr
627 5308 882 5388 Teroplorjoczdw.
926 5307 1115 5393 Landsberg,
1145 5313 1320 5390 Londebop
1344 5332 1373 5374 a
1402 5313 1446 5375 W.
1490 5309 1642 5393 Sambriz,
1671 5315 1800 5378 lorado.
1844 5312 1935 5380 Nova
1954 5314 2052 5397 Sque-

526 5410 585 5490 rin,
617 5413 816 5490 stemma.
867 5407 956 5476 Fluv.
991 5409 1084 5492 Obra,
1122 5433 1166 5478 ra.
1204 5415 1291 5477 Obra.
1343 5410 1519 5495 Draghcim,
1548 5418 1642 5477 moria
1670 5415 1736 5478 dzr't
1763 5418 1876 5479 acidia
1920 5413 2051 5497 Santolr,

529 5513 650 5576 Sorvtolr.
693 5509 834 5594 Meecriz,
858 5515 1075 5598 Mtpdzyrzecz.
1109 5513 1327 5594 Weissenseae,
1350 5536 1367 5576 z
1388 5519 1474 5580 mero.
1494 5535 1568 5581 zoro.
1594 5520 1733 5598 Otpcbry.
1770 5515 1895 5599 Wenea,
1922 5521 2051 5592 Wentzc,

526 5612 670 5694 Genese,
699 5615 821 5678 Gerros
