4675 7067
475 772 547 843 218

474 969 651 1037 Galisiensis
672 972 780 1035 notum
800 966 929 1034 facimus
950 964 1100 1032 universis
1120 982 1215 1047 quam
1235 963 1428 1047 presentibus
1450 968 1515 1030 tam
1532 962 1647 1030 futuris
1667 964 1750 1049 (sic),
1778 964 1819 1030 ad
1844 982 1997 1061 quorum3

474 1092 595 1157 cunque
615 1072 806 1139 audienciam
828 1070 987 1137 devenerit
1006 1086 1134 1153 presens
1154 1067 1315 1167 scriptum,
1337 1067 1420 1151 quod
1443 1066 1645 1134 consideratis
1665 1070 1699 1133 et
1719 1067 1891 1151 conspectis
1916 1066 1991 1134 fide·

473 1175 554 1242 libus
579 1174 725 1257 serviciis,
756 1193 817 1258 que
841 1172 930 1241 nobis
957 1171 1089 1239 fideliter
1112 1170 1254 1238 Hincalra
1280 1170 1463 1237 multociens
1494 1172 1636 1255 inpendit
1656 1174 1690 1239 et
1715 1172 1748 1237 in
1768 1170 1874 1238 futuro
1897 1171 1992 1241 dante

472 1278 605 1345 Domino
625 1277 792 1361 inpendere
813 1282 862 1344 est
881 1278 1020 1360 paratus,
1044 1294 1113 1341 cum
1134 1274 1216 1340 bona
1237 1273 1461 1341 deliberacione
1480 1280 1513 1340 et
1526 1273 1635 1340 libenti
1649 1274 1762 1356 animo,
1784 1274 1911 1341 consilio
1926 1294 1991 1341 mn·

473 1386 544 1449 turo
567 1380 675 1447 damus
695 1380 755 1447 sibi
775 1386 808 1446 et
829 1378 894 1445 suis
914 1377 1141 1445 successoribus
1170 1378 1254 1443 natis
1281 1383 1314 1444 et
1339 1377 1504 1464 nascituris
1529 1376 1685 1444 dvitatem
1710 1381 1848 1443 nostram
1876 1379 1991 1445 dictam

461 1476 613 1550 “Gobilino
634 1482 703 1549 iure
723 1482 910 1549 Theutonico
931 1480 1102 1562 locandam,
1124 1498 1160 1547 eo
1182 1480 1260 1561 iure,
1282 1498 1343 1561 quo
1364 1484 1398 1546 et
1417 1480 1478 1547 alie
1497 1480 1638 1579 civitates
1663 1485 1769 1547 nostre
1789 1484 1864 1547 sunt
1890 1481 1993 1548 locate

472 1586 561 1653 iuxta
579 1586 628 1652 ius
648 1584 729 1653 Novi
755 1583 824 1651 fori.
872 1584 1011 1666 Insuper,
1039 1582 1176 1650 volentes
1204 1583 1306 1667 ipsum
1330 1582 1503 1649 Hinczknm
1532 1584 1631 1666 magis
1656 1583 1696 1649 de
1722 1588 1831 1651 nostra
1857 1572 1992 1667 paudere

472 1687 612 1773 graoima
631 1688 800 1768 voluntate,
823 1678 932 1753 damus
954 1684 1014 1751 sibi
1034 1684 1100 1769 (nd)
1120 1685 1316 1753 advocaciam
1335 1671 1474 1769 predicte
1496 1685 1631 1753 civitatis
1658 1685 1736 1752 duos
1765 1705 1889 1754 mansos
1915 1688 1992 1755 libe

473 1808 533 1866 ros,
555 1795 629 1859 ante
647 1790 804 1857 civitatem
825 1788 960 1855 iacentes
981 1786 1081 1853 eundo
1102 1787 1141 1853 de
1162 1784 1289 1854 civitate
1307 1788 1339 1853 in
1360 1786 1489 1854 dextma
1505 1807 1609 1870 manu,
1631 1807 1700 1855 cum
1720 1788 1861 1855 omnibus
1875 1789 1991 1857 ortula-

473 1893 522 1959 nis
542 1893 574 1959 in
596 1892 702 1959 eodem
723 1910 798 1975 agro
818 1890 928 1957 locatis
950 1893 983 1957 et
1003 1890 1149 1972 locandis,
1173 1891 1206 1956 in
1226 1890 1418 1973 longitudine
1438 1891 1482 1959 ad
1502 1896 1601 1959 metas
1627 1892 1701 1958 ville
1728 1891 1931 1960 Ohvalenicae
1951 1894 1992 1960 sd

474 2001 627 2063 torentem
645 1995 761 2063 dictam
780 1994 850 2079 (sic)
864 1994 1036 2075 deancza,
1059 1994 1232 2077 vulgariter
1246 1993 1285 2061 do
1300 1992 1447 2076 Sannione,
1469 2012 1532 2060 una
1545 2012 1615 2061 cum
1629 1994 1748 2061 duobus
1762 1996 1875 2078 pratis:
1896 2015 1992 2064 unum

473 2104 598 2183 pratum
618 2098 769 2165 iacentem
790 2095 863 2181 (sic)
885 2097 968 2163 inter
982 2098 1142 2163 ortulanos
1156 2101 1189 2164 et
1202 2116 1286 2180 agro,
1308 2097 1475 2165 secundum
1489 2102 1562 2180 post
1574 2116 1682 2181 agrum
1699 2102 1783 2165 retro
1796 2098 1878 2165 viam
1892 2100 1992 2167 eundo

473 2200 507 2267 in
528 2200 716 2284 Wigonowo.
760 2199 804 2265 Et
824 2198 1033 2266 molendinum
1053 2199 1167 2265 ventile
1187 2203 1291 2282 potest
1312 2198 1371 2266 sibi
1392 2198 1534 2267 edificare
1558 2200 1592 2266 in
1622 2200 1730 2268 eodem
1755 2219 1830 2284 agro
1859 2218 1931 2282 suo;
1960 2208 1993 2268 et

474 2303 552 2370 duos
569 2320 693 2371 mansos
715 2302 747 2368 in
768 2302 843 2368 villa
864 2301 949 2368 dicta
969 2300 1061 2368 Stare
1083 2301 1234 2384 Oobilino,
1253 2302 1351 2369 libero
1372 2304 1463 2370 modo
1481 2322 1539 2387 pro
1560 2321 1594 2370 se
1614 2308 1647 2370 et
1667 2322 1724 2387 pro
1745 2304 1810 2371 suis
1837 2322 1992 2372 successo

474 2406 560 2473 ribus
580 2404 741 2472 obtinebit.
784 2404 902 2471 Damus
922 2404 1019 2471 eciam
1040 2403 1139 2471 eidem
1160 2404 1296 2473 Hincace
1316 2406 1444 2472 terciam
1465 2406 1584 2473 curiam
1600 2405 1634 2471 in
1655 2406 1790 2487 civitate,
1813 2407 1866 2474 ubi
1887 2408 1992 2475 sedere

474 2508 575 2590 debet,
590 2508 644 2574 ubi
656 2507 774 2592 primus
790 2507 956 2575 mvocatus
968 2506 1083 2574 Paulus
1096 2508 1147 2590 pie
1160 2508 1306 2574 memorie
1322 2506 1485 2575 residebat.
1506 2507 1624 2574 Damus
1638 2508 1734 2575 eciam
1746 2508 1845 2576 eidem
1858 2509 1992 2577 Hincace

473 2611 507 2677 in
547 2610 686 2693 predicta
723 2610 849 2678 civitate
888 2609 1017 2677 tercium
1055 2610 1237 2677 marcellum
1271 2609 1462 2693 carnificum,
1503 2611 1607 2678 omnia
1644 2612 1790 2678 marcella
1828 2612 1988 2695 pistorum,

474 2713 579 2781 omnis
598 2713 745 2779 mecoella
765 2717 915 2793 sutorum,
938 2712 1069 2779 tercium
1088 2713 1249 2780 denarium
1270 2713 1310 2781 de
1331 2714 1414 2781 omni
1432 2734 1466 2782 re
1478 2715 1624 2797 iudicata,
1644 2714 1790 2782 balneum
1802 2734 1912 2797 unum3
1933 2716 1990 2784 lrec

476 2816 579 2881 omnia
596 2833 653 2899 pro
675 2832 709 2883 se
729 2818 762 2883 et
782 2815 847 2881 suis
867 2814 1094 2881 successoribus
1116 2814 1236 2882 tenebit
1255 2816 1451 2901 percipiendo
1473 2822 1507 2883 et
1518 2818 1552 2883 in
1566 2836 1658 2884 usum
1671 2835 1762 2885 sunm
1777 2818 1988 2886 convertendo.

475 2916 555 2985 Item
576 2916 717 3001 predicte
737 2918 845 2984 civitas
864 2934 974 2984 census
995 2922 1028 2985 et
1045 2917 1163 2985 reditus
1184 2918 1304 2985 solvere
1329 2918 1419 2986 nobis
1439 2925 1473 2987 et
1493 2920 1607 2986 nostris
1634 2921 1861 2988 successoribus
1889 2921 1990 3005 debet,

474 3026 568 3103 prout
588 3020 702 3088 etalio
724 3020 866 3087 civitates
886 3018 975 3086 nobis
996 3020 1129 3088 solvunt.
1173 3019 1253 3087 Item
1273 3021 1431 3104 predictus
1453 3021 1596 3089 Hincaka
1624 3021 1752 3090 habebit
1773 3042 1880 3092 omnes
1900 3042 2008 3096 vena.

474 3121 577 3189 ciones
604 3120 739 3189 ferarum
766 3125 799 3189 et
828 3122 939 3189 svium.
982 3122 1027 3189 st
1053 3129 1090 3190 ut
1114 3123 1172 3190 lrec
1198 3123 1326 3191 donacio
1353 3143 1409 3208 per
1435 3142 1492 3190 nos
1517 3143 1553 3192 ac
1581 3144 1637 3208 per
1657 3131 1782 3195 nostros
1803 3141 2013 3195 successores

474 3224 651 3293 nullatenus
671 3225 811 3306 violetur,
834 3230 1008 3307 presentem
1029 3225 1168 3292 litteram
1188 3225 1283 3292 scribi
1303 3227 1449 3293 iussimus
1476 3231 1510 3294 et
1530 3232 1637 3295 nostro
1657 3228 1760 3312 sigillo
1786 3248 1922 3313 appenso
1942 3248 1992 3297 ro·

474 3326 586 3396 bereri.
618 3326 699 3395 dcta
719 3332 793 3396 sunt
813 3328 870 3396 heo
887 3346 969 3396 anno
990 3327 1115 3396 Domini
1132 3326 1258 3396 mccc
1280 3329 1385 3398 tercio.

577 3530 727 3615 coruino,
746 3536 879 3615 vomas
922 3530 1045 3601 Novum
1066 3532 1178 3617 rorum,
1201 3538 1373 3618 omre,
1395 3540 1473 3618 czya
1494 3518 1595 3601 droca
1616 3556 1660 3601 aa
1681 3540 1819 3624 sapzm.
1863 3535 1993 3606 crare

475 3634 570 3718 nicae,
592 3638 685 3700 orado
705 3639 819 3702 mdccc.
855 3634 971 3704 Torens
987 3636 1162 3720 deencaa,
1185 3640 1328 3704 &aaron
1348 3646 1451 3705 sunan.
1480 3638 1670 3724 wigonovc,
1698 3639 1865 3723 Wypandn.
1902 3639 1994 3708 Stare

476 3736 628 3822 Gobilino,
651 3742 744 3822 maro
764 3742 898 3820 Kobplr'o.

1128 4037 1203 4122 Nr.
1234 4033 1333 4123 864

576 4230 769 4315 liohclaus
794 4230 985 4335 palatinus
1011 4230 1212 4315 Kalisisna
1238 4235 1374 4316 1303
1399 4232 1506 4319 liert
1533 4238 1581 4333 6,
1605 4234 1763 4338 Kaliail;
1781 4252 1993 4322 nouercae

474 4351 631 4419 civitatem
652 4351 789 4419 Veneria
808 4350 878 4419 iure
898 4350 1088 4418 Theutonico
1108 4350 1149 4417 ed
1170 4351 1343 4419 locandum.

576 4453 713 4535 Pereunt
732 4459 845 4535 oppio.
889 4456 938 4518 Nc
964 4457 1270 4547 canarujedrooba,
1292 4474 1434 4523 czcnuoa.
1453 4462 1680 4540 mmmm
1711 4462 1833 4525 clamet
1859 4463 1994 4548 pieczpct

474 4560 629 4639 vomu
651 4560 817 4637 mamam
839 4566 980 4637 prensa
996 4567 1157 4633 ΜΝ).
1175 4558 1180 4569 ’

577 4660 711 4731 Poaaurt.
754 4664 870 4741 Kdoipl.
894 4664 996 4725 &cerr
1014 4664 1130 4727 Arabo.
1175 4664 1299 4743 Kabylr‘a
1319 4666 1372 4727 Nr.
1396 4666 1425 4727 1.

576 4865 613 4933 ln
632 4864 755 4935 nomine
775 4865 900 4933 Domini
921 4883 1020 4933 amen.
1065 4864 1255 4934 Cunctomm
1276 4867 1425 4935 memoria
1445 4867 1599 4935 oblivione
1619 4866 1812 4951 deprimitur,
1834 4887 1896 4952 que
1908 4870 1994 4937 litte·

474 4990 579 5039 rarum
599 4975 656 5038 aut
673 4972 804 5038 testium
824 4969 993 5036 munimine
1011 4989 1073 5038 non
1093 4969 1245 5038 firmatur.
1289 4970 1365 5037 Inde
1383 4974 1433 5037 est
1454 4971 1537 5055 quod
1562 4987 1619 5036 nos
1641 4968 1809 5035 Nicholaus
1838 4972 1993 5055 palatinus

474 5074 656 5141 Kalisiensis
675 5078 782 5140 notum
803 5071 932 5139 lecimus
953 5072 1105 5139 universis
1127 5078 1192 5140 tam
1213 5072 1408 5157 presentibus
1429 5092 1523 5157 quam
1543 5070 1666 5147 futuris,
1688 5071 1729 5137 sd
1743 5092 1994 5159 quorumcunque

473 5175 665 5243 audienciam
685 5174 842 5241 devenerit
862 5192 990 5257 presens
1007 5175 1167 5258 scriptum,
1190 5176 1274 5260 quod
1296 5176 1497 5244 consideratis
1518 5178 1552 5241 et
1569 5174 1716 5258 inspectis
1737 5174 1879 5242 fidelibus
1899 5176 1993 5243 servi-

474 5277 540 5359 ciis,
561 5296 623 5361 que
643 5277 731 5345 nobis
749 5276 883 5344 fideliter
903 5276 1029 5345 Hencaa
1050 5277 1234 5346 multociens
1255 5278 1396 5363 inpendit
1413 5283 1447 5345 et
1466 5277 1500 5343 in
1520 5275 1625 5343 futuro
1639 5275 1734 5345 dante
1745 5278 1812 5345 Deo
1828 5277 1995 5361 inpendere

476 5383 526 5447 est
545 5382 682 5463 paratus,
704 5398 774 5447 cum
792 5378 873 5447 bona
893 5378 1117 5448 deliberacione
1136 5383 1170 5447 et
1190 5380 1301 5448 libenti
1321 5381 1434 5462 animo,
1455 5380 1495 5447 de
1516 5381 1644 5449 consilio
1664 5384 1788 5447 maturo
1808 5380 1917 5446 damus
1935 5380 1995 5447 sibi

476 5486 510 5549 ot
530 5481 594 5548 suis
621 5481 843 5550 suctessoribus
863 5482 935 5567 (sic)
956 5481 1039 5549 natis
1059 5485 1116 5548 aut
1136 5466 1480 5550 nascituris'civitatem
1507 5488 1655 5567 nostram,
1683 5484 1799 5561 dictum
1826 5482 1995 5567 vulgariter

475 5584 619 5667 Veneria,
640 5584 708 5651 iure
728 5584 917 5651 Theutonico
934 5582 1095 5651 locandam
1112 5602 1149 5651 co
1170 5584 1248 5667 iure,
1270 5603 1331 5669 quo
1353 5588 1386 5651 et
1407 5584 1468 5652 alie
1500 5585 1642 5653 civitates
1667 5592 1772 5653 nostre
1796 5589 1871 5652 sunt
1894 5586 1995 5653 locate

475 5688 563 5758 iuxta
582 5688 632 5757 ius
646 5686 727 5757 Novi
747 5686 817 5757 fori.
845 5686 983 5775 Insuper,
1005 5687 1142 5755 volentes
1161 5688 1264 5776 ipsum
1285 5688 1441 5757 Henccam
1461 5689 1558 5775 magis
1580 5691 1618 5757 de
1637 5695 1752 5758 nostra
1770 5689 1905 5775 gaudem
1924 5710 1993 5775 grn-
