4675 7067
1174 1130 1248 1215 Nr.
1285 1124 1311 1213 7
1315 1130 1383 1216 66.

620 1327 808 1409 Bolosleus
835 1329 911 1409 dux
937 1326 1103 1409 llauovie
1130 1326 1167 1408 et
1193 1325 1387 1429 chneis
1413 1330 1550 1407 1297
1575 1324 1657 1408 Iun
1683 1330 1752 1425 17,
1784 1327 1827 1407 in
1852 1325 2047 1427 Zochanm3

519 1448 665 1515 ecclesiae
693 1448 896 1514 Pomaniensi
922 1448 1012 1514 villas
1033 1447 1177 1531 Rabouo,
1204 1446 1367 1530 prrowa,
1395 1446 1520 1528 Barcik,
1549 1446 1658 1514 lemno
1683 1452 1717 1511 et
1735 1444 1910 1513 Gramzeuo
1939 1447 2045 1527 donat,

519 1550 628 1617 incolis
649 1568 772 1632 quoque
793 1568 900 1615 aarum
919 1550 1126 1632 amplissimus
1143 1549 1306 1616 libertates
1323 1550 1464 1633 largitur.

619 1652 760 1731 Pereunt
782 1658 895 1732 orype'n.
939 1656 986 1715 No
1000 1656 1153 1731 jcdwubiu
1180 1654 1352 1733 wyblulcbsm
1375 1655 1602 1731 pnpmseszona
1626 1651 1756 1736 pieczpd,
1787 1653 1943 1731 speram
1962 1653 2046 1737 θεοὺς

517 1776 545 1815 so
564 1760 688 1835 aceoli,
714 1758 853 1840 eiedzqco
870 1776 897 1816 m
915 1774 1019 1833 mutuo
1040 1760 1052 1818 i
1072 1757 1308 1839 bloposluwtch
1323 1758 1498 1839 lclpczpcepo
1514 1758 1647 1832 mucio
1674 1756 1753 1817 codic
1772 1758 1856 1839 nepio
1877 1754 2046 1831 zbroJ'ruepo,

517 1856 605 1936 story
634 1856 716 1919 zrrdw
733 1876 843 1942 pruno
865 1860 939 1943 rplcq
960 1860 1084 1921 lctudzie
1105 1860 1183 1921 sobic
1203 1876 1245 1920 na
1265 1860 1363 1940 plowp
1383 1860 1534 1934 spuma
1554 1858 1642 1929 mem,
1664 1877 1684 1918 o
1705 1860 1778 1940 keep
1799 1860 1927 1934 sepiem
1944 1859 1988 1940 sip
2005 1876 2048 1918 nu

518 1957 686 2043 tro'J'lcptndj
704 1966 814 2037 torozy.
839 1960 883 2020 Za
903 1978 1055 2037 opcerzem
1076 1962 1238 2041 mystppcv‘c
1255 1956 1357 2037 przdd
1368 1962 1466 2021 lconis.
1490 1958 1598 2035 Napis:
1620 1955 1652 2022 S.
1673 1955 1829 2022 Boleslai.
1844 2007 1873 2022 ..
1896 1954 2046 2022 Matovie.

617 2060 752 2124 Parnasi.
797 2064 914 2124 Archia
942 2063 1079 2139 Capitcdi.
1126 2063 1174 2140 II,
1197 2058 1264 2122 1311.
1292 2096 1331 2106 -
1354 2063 1538 2139 uzpszczeo.
1564 2061 1725 2122 Muczlcow.
1773 2062 1843 2124 Cod.
1866 2063 2044 2137 diplomatis.

519 2165 674 2226 Polouioe.
701 2166 727 2239 1,
751 2166 803 2224 Nr.
826 2164 878 2226 86.
902 2198 939 2209 -
964 2162 1144 2242 uaczpusss,
1177 2166 1244 2226 cod.
1265 2164 1440 2239 dcpbmute'c.
1465 2164 1576 2238 Major.
1597 2162 1700 2223 Polou
1723 2162 1773 2225 98.

617 2348 800 2415 innomine
828 2348 953 2413 Domini
972 2366 1072 2416 amen.
1118 2348 1197 2415 Cum
1219 2347 1333 2414 oblivio
1357 2366 1414 2431 per
1434 2364 1611 2413 successum
1639 2346 1788 2429 temporis
1814 2353 1973 2429 gestorum
1993 2364 2047 2413 ex·

517 2448 623 2516 cludat
649 2450 837 2530 memoriam,
858 2449 970 2533 quibus
992 2452 1089 2517 adam
1116 2450 1294 2533 sennense
1312 2448 1476 2532 scrupulus
1497 2448 1671 2531 calumpnia
1691 2454 1884 2528 novercatur,
1906 2466 2047 2515 necessa·

519 2552 601 2616 mum
622 2556 681 2631 est,
704 2551 842 2617 actiones
863 2551 1018 2634 legitimas
1039 2571 1100 2636 que
1118 2554 1269 2619 memorie
1288 2552 1437 2635 indigent,
1460 2568 1517 2634 per
1536 2551 1646 2634 scripti
1667 2550 1893 2617 continenciam
1904 2551 1946 2617 cd
1965 2552 2047 2617 noti·

518 2653 597 2717 ciam
619 2654 793 2719 transmitti
821 2659 1025 2736 posterorum.
1069 2654 1172 2737 Igitur
1192 2672 1249 2720 nos
1269 2654 1440 2733 Boleslaus,
1469 2653 1529 2719 Dei
1548 2652 1653 2735 mucia
1672 2652 1736 2717 dux
1756 2652 1897 2719 ldeuovie
1918 2657 1952 2719 et
1970 2653 2048 2737 Oyr·

517 2754 632 2835 nensis,
659 2755 754 2820 saluti
775 2760 883 2821 nostre
911 2762 946 2821 et
965 2754 1072 2822 fratris
1093 2758 1195 2822 nostri
1215 2754 1313 2823 felicis
1334 2756 1560 2822 recordacionis
1587 2755 1704 2821 domini
1722 2754 1867 2836 conradi,
1889 2754 2046 2838 quondam

517 2856 604 2923 duom
625 2856 766 2923 Mazovie
793 2862 826 2922 et
848 2856 1024 2941 Gyrneusis,
1054 2857 1250 2940 liliorumque
1270 2862 1448 2924 nostrorum
1470 2858 1630 2940 cupientes
1651 2857 1796 2923 devocius
1813 2857 1984 2939 providere,
2006 2856 2047 2923 ob

516 2958 687 3025 remedium
711 2959 814 3025 anime
834 2963 941 3025 nosue
972 2964 1005 3025 ct
1026 2960 1163 3025 omnium
1184 2966 1349 3041 parentum
1369 2965 1547 3025 uostromm
1568 2957 1737 3025 venerabili
1760 2960 1794 3023 in
1816 2958 1942 3025 Christo
1962 2958 2046 3041 petri

515 3061 641 3128 domino
661 3060 802 3142 Iohanni,
824 3062 1026 3128 miseracione
1044 3060 1149 3127 divim
1169 3059 1374 3127 Pomauieusi
1395 3062 1549 3144 episcopo,
1568 3065 1602 3126 et
1622 3060 1751 3126 ecclesie
1770 3058 1974 3126 Pomanieusi
1991 3061 2046 3126 do-

517 3182 628 3229 namus
649 3164 682 3229 iu
704 3170 889 3246 perpetuum
909 3164 1001 3229 villus
1020 3182 1076 3229 scu
1096 3164 1297 3246 hereditates,
1323 3163 1402 3228 nulli
1422 3162 1516 3228 alteri
1536 3161 1597 3227 uisi
1617 3161 1708 3228 nobis
1729 3167 1764 3228 et
1782 3167 1889 3229 nostro
1911 3163 2046 3229 dominio

516 3264 675 3345 subnixas,
697 3265 756 3332 sibi
779 3272 813 3332 et
832 3267 898 3331 suis
918 3266 1148 3333 successoribus
1170 3266 1354 3332 inconcusso
1374 3266 1443 3330 inre
1463 3282 1501 3330 ac
1521 3264 1709 3331 hcrffltario
1730 3264 1941 3347 possidendas,
1962 3265 2046 3331 vide

516 3366 592 3433 licet
608 3364 778 3447 Rambovo,
799 3367 985 3449 Dambrova,
1007 3367 1196 3450 Bmcicovm,
1223 3368 1342 3448 Iamno,
1364 3367 1548 3448 Gramzcno,
1567 3366 1662 3433 silvas
1682 3366 1817 3434 Toravea
1838 3372 1872 3432 et
1892 3366 2046 3434 Pocclrars

516 3468 693 3535 manentes
714 3468 880 3535 hereditati
903 3467 1072 3535 (lhmmino
1094 3470 1264 3553 vulgariter
1283 3473 1469 3551 nuncupate,
1492 3486 1562 3535 cum
1576 3468 1714 3551 ipsarum
1728 3469 1927 3551 utilitatibus,
1949 3470 2046 3536 omni·

517 3569 576 3636 bus
597 3570 794 3637 libertatibus
815 3574 848 3635 et
869 3569 1126 3653 exempcionibus.
1170 3570 1215 3635 Et
1235 3569 1390 3636 elisurum
1403 3568 1548 3635 villarum
1564 3570 1682 3637 incolas
1695 3569 1882 3637 absolvimus
1896 3577 2046 3655 perpetuo

516 3670 557 3737 ab
578 3671 720 3738 omnibus
742 3672 959 3754 solutionibus,
984 3673 1129 3749 serviciis,
1151 3671 1366 3739 erectionibus
1386 3672 1532 3753 realibus,
1558 3672 1748 3756 predialibus
1766 3679 1800 3739 et
1819 3673 2045 3757 personalibus,

517 3774 637 3841 scilieet
657 3792 763 3857 poroz,
793 3779 907 3855 etrozo,
930 3780 1011 3857 stan,
1034 3775 1193 3858 poradlne,
1215 3794 1320 3857 namu,
1346 3794 1448 3857 crovu,
1470 3774 1548 3857 ciza,
1570 3780 1707 3859 turgore,
1730 3796 1752 3841 a
1769 3776 1921 3842 citacione
1941 3776 2046 3858 castri,

517 3882 652 3960 moneta,
681 3882 714 3944 et
735 3877 775 3945 ob
796 3879 938 3946 omnibus
963 3880 1100 3963 angariis
1121 3886 1154 3947 et
1170 3879 1373 3963 perangariis,
1402 3879 1467 3945 sive
1487 3878 1527 3946 de
1547 3896 1627 3945 novo
1655 3884 1816 3961 emergant
1845 3878 1911 3944 sire
1930 3877 2048 3945 fuerint

516 3979 557 4046 ab
578 3980 717 4062 anduno,
746 3980 981 4064 quibuscunque
1008 3982 1184 4051 nominibus
1213 3988 1399 4050 censentur
1425 3981 1476 4047 vel
1496 3982 1530 4046 iu
1549 3986 1709 4064 posterum
1739 3980 1960 4062 censebuntur3
1989 3998 2047 4049 uec

516 4100 580 4149 non
608 4082 648 4149 ab
677 4083 819 4150 omnibus
851 4083 981 4165 iuribus,
1016 4085 1259 4167 imidicionibus,
1294 4085 1416 4152 iudiciis
1448 4083 1657 4166 paletinomm
1688 4088 1722 4149 et
1747 4083 1987 4150 castellanorum
2014 4088 2049 4149 et

516 4185 655 4250 omnium
675 4184 810 4251 iudicum
836 4185 1075 4270 officialiumque
1093 4206 1348 4272 quorumcumque
1376 4187 1507 4253 mimus
1527 4191 1560 4253 et
1577 4186 1734 4252 reddimus
1754 4186 1916 4266 immunes,
1939 4204 2047 4270 perpe

517 4292 573 4351 tuo
593 4285 708 4351 liberos
729 4292 763 4351 et
783 4292 960 4370 exemptos:
991 4293 1107 4356 utnon
1128 4290 1223 4357 liceat
1242 4309 1300 4356 uec
1319 4290 1427 4357 licebit
1443 4289 1535 4356 villas
1556 4289 1711 4372 predictas
1732 4289 1772 4355 ad
1793 4287 1932 4355 tribuual
1949 4288 2047 4355 alicu·

517 4386 567 4452 ius
588 4388 732 4453 citamus
763 4389 929 4471 conveniri,
960 4390 1021 4455 nisi
1042 4390 1083 4455 ad
1104 4398 1244 4458 nostram
1272 4397 1396 4460 uatum
1425 4393 1635 4477 presenciam
1664 4410 1721 4458 nec
1744 4391 1838 4458 aliter
1861 4392 1924 4457 nisi
1944 4391 2047 4474 sigillo

517 4494 626 4555 nostro
656 4487 773 4555 iuennt
803 4491 933 4573 evocati,
963 4491 1126 4559 dumtaxat
1151 4499 1257 4560 umen
1282 4496 1317 4560 in
1336 4494 1481 4578 gravibus
1505 4498 1539 4560 et
1558 4492 1735 4560 enormibus
1760 4494 1863 4561 causis
1889 4510 1946 4560 scu
1966 4491 2048 4559 fore·

518 4588 619 4672 iactis,
652 4609 757 4657 coram
785 4591 875 4658 nobis
903 4595 1089 4677 respondere
1117 4596 1256 4679 predicte
1286 4596 1358 4680 (sic)
1378 4596 1478 4663 incole
1503 4595 1700 4662 tenebuubu.
1744 4595 1796 4661 Ad
1821 4594 1947 4678 prewod
1974 4612 2047 4662 veru

517 4692 649 4759 militule
668 4694 757 4761 iuxta
778 4696 1032 4763 cousuetudinem
1049 4697 1186 4763 militum
1206 4702 1291 4764 terre
1310 4703 1427 4779 nostre,
1449 4703 1484 4763 et
1502 4696 1543 4763 ad
1557 4695 1786 4765 edilicadonem
1805 4702 1977 4764 casuomem
1991 4717 2047 4764 uo-

517 4800 654 4862 strorum
675 4796 867 4863 solummodo
890 4798 1092 4880 tenebuntur3
1115 4799 1176 4865 hoc
1191 4800 1326 4882 ,adiectu
1348 4800 1430 4883 quod
1451 4799 1661 4882 predictarum
1675 4799 1818 4865 villarum
1832 4800 1932 4866 incole
1944 4800 2048 4883 ipsum

517 4896 642 4982 prewod
663 4899 695 4965 in
717 4901 857 4983 proxima
878 4900 961 4983 villa,
983 4904 1194 4985 cuiuscunque
1211 4902 1315 4984 luerit,
1337 4902 1396 4969 sub
1416 4902 1554 4985 periculo
1574 4919 1638 4967 nou
1658 4901 1874 4984 recipientium
1893 4903 2047 4987 deponere

517 5006 691 5067 teneamur.
737 5002 787 5067 sd
816 5003 873 5069 hec
894 5003 1045 5086 volumus,
1074 5010 1112 5069 nt
1130 5006 1241 5071 iisdem
1261 5006 1295 5071 in
1315 5004 1457 5071 omnibus
1485 5010 1519 5071 et
1536 5004 1667 5087 siugulis
1686 5003 1884 5071 libertatibus
1913 5006 2050 5087 gaudeat

516 5103 591 5169 villa
616 5102 825 5171 archidiaconi
856 5103 1023 5187 cyrneusis
1047 5107 1134 5173 dicta
1153 5107 1324 5187 Rokitlmo,
1350 5112 1445 5190 prout
1462 5106 1604 5188 superius
1623 5112 1672 5173 est
1692 5125 1882 5190 expressum.
1927 5106 2046 5175 Damus

517 5205 612 5271 edam
638 5211 672 5271 et
692 5206 887 5273 concedimus
912 5207 1033 5290 prelato
1054 5209 1140 5291 patri
1168 5209 1212 5276 lo.
1234 5216 1268 5276 et
1287 5209 1416 5275 ecclesie
1436 5208 1640 5275 Poznuuiensi
1667 5210 1701 5274 iu
1721 5210 1945 5292 prenominatis
1964 5208 2049 5275 villis

518 5307 700 5373 venaciones
722 5308 935 5390 capreolorum
954 5315 1050 5393 atque
1071 5328 1241 5391 cervonem,
1264 5308 1406 5376 omnibus
1427 5310 1499 5376 aliis
1512 5309 1587 5376 ieris
1600 5311 1720 5394 magnis
1733 5311 1952 5394 pretermissis,
1971 5328 2048 5393 quo-

518 5424 588 5473 rum
606 5410 787 5475 venationes
808 5410 932 5493 penitus
953 5410 1161 5494 prohibemus.
1205 5412 1243 5477 ln
1264 5414 1351 5479 cuius
1369 5413 1417 5479 rei
1437 5413 1659 5495 testimonium,
1687 5419 1847 5497 presentes
1867 5414 1936 5480 lieri
1956 5414 2050 5480 iussi·

517 5528 588 5575 mus
609 5516 642 5577 at
659 5511 759 5577 nostri
783 5512 878 5595 sigilli
899 5514 1068 5580 munimine
1094 5514 1285 5581 communiri.
1329 5514 1397 5581 Heo
1414 5520 1487 5581 acta
1512 5520 1586 5580 sunt
1606 5534 1688 5581 anuo
1707 5515 1832 5581 Domini
1859 5515 1970 5582 lucc,
1992 5534 2049 5582 no-

518 5613 675 5695 nagesimo
696 5613 837 5697 septimo,
860 5614 1033 5682 ludictione
1053 5616 1183 5697 decima,
1204 5616 1433 5699 quintodecimo
1449 5613 1601 5682 Calendes
1614 5616 1694 5699 Iuly.
1715 5616 1833 5682 Datum
1846 5616 1880 5681 iu
1894 5614 2054 5684 Zocbamf

518 5734 574 5798 per
594 5734 705 5783 manus
723 5716 841 5783 domini
858 5716 1030 5785 Hermum
1051 5717 1288 5786 subcancellarii
1308 5718 1409 5785 nostri
1429 5718 1626 5802 presentibus
1639 5718 1806 5785 baronibus
1820 5719 1951 5785 nostru:
1975 5719 2050 5786 lmi-
