4675 7067
1145 1116 1217 1199 Nr.
1252 1108 1381 1200 1273.

609 1309 819 1392 1111111111
844 1333 920 1392 ren
935 1308 1079 1393 Polonio
1102 1313 1166 1394 eto.
1194 1309 1444 1414 1348111.
1471 1317 1558 1409 20,
1584 1313 1626 1395 in
1652 1312 1821 1417 Synodim
1846 1339 1948 1399 rotom
1978 1333 2042 1399 no-

508 1446 561 1514 11
580 1446 772 1514 ommonem
794 1449 1056 1532 compositionem,
1085 1467 1178 1528 quom
1200 1448 1316 1516 fooerot
1341 1430 1521 1514 11111111
1548 1432 1759 1534 capitaneus
1793 1437 1885 1516 1111
1920 1433 2040 1537 syro·

508 1547 621 1629 111111.
649 1553 775 1630 1348
802 1549 896 1650 Aug.
922 1556 970 1645 2,
1001 1549 1042 1632 in
1067 1549 1240 1652 Umva,
1267 1569 1390 1635 ratione
1411 1571 1612 1652 possessionis
1626 1571 1834 1637 hereditatum
1850 1558 2038 1654 Spicimierz

507 1667 767 1752 etWicszczyoe,
789 1671 1051 1738 interlaroslaum
1073 1670 1337 1795 archiepiscopum
1355 1671 1528 1739 Gneznens
1551 1679 1584 1740 et
1602 1674 1681 1740 tilios
1695 1674 1784 1740 Pauli
1800 1674 1914 1757 Gauda,
1931 1695 2039 1759 quon·

507 1770 577 1836 dom
599 1773 729 1855 palatini
747 1773 937 1840 Lanciciens.

518 1949 520 1954 Ι
609 1880 746 1955 Pcrpom.
766 1882 880 1957 crypta.
924 1880 973 1940 Na
993 1882 1126 1941 oznarlru
1141 1880 1302 1958 stomaco,
1325 1877 1394 1942 adet
1422 1885 1647 1960 przyooicozonc
1665 1881 1788 1966 pieczpo‘
1809 1885 1912 1946 miella
1938 1886 2038 1946 11111-

506 1981 617 2041 11111
636 1978 730 2045 socco

613 2083 746 2148 (1111111.
794 2086 910 2149 Archia
940 2087 1068 2162 Capituli
1088 2086 1242 2162 Metropol.
1265 2087 1319 2150 Nr.
1342 2086 1414 2150 125.

608 2287 787 2356 innomine
808 2289 932 2354 Domini
953 2308 1051 2355 amen.
1096 2288 1161 2354 Nos
1180 2289 1356 2355 Kazimirus
1370 2309 1424 2356 rex
1445 2290 1572 2356 Polonie
1587 2295 1694 2356 notum
1716 2309 1783 2357 esse
1804 2291 1946 2357 volumus
1960 2293 2038 2356 nni-

506 2390 602 2455 versis
625 2395 688 2455 1111
711 2391 904 2473 presentibus
925 2410 1018 2473 quam
1041 2390 1154 2457 futuris
1176 2392 1359 2474 adquorum
1382 2391 1527 2458 noticiam
1544 2390 1702 2458 devenerit
1720 2393 1869 2476 scriptum
1890 2412 2036 2475 presens,

508 2492 590 2573 quod
612 2494 799 2559 constitutus
822 2495 853 2558 in
874 2501 981 2559 nostra
1002 2493 1160 2576 presencia
1181 2500 1325 2560 strenuus
1346 2496 1434 2562 miles
1456 2495 1597 2561 dominus
1616 2495 1765 2561 larandus
1779 2497 1958 2579 capitaneus
1972 2515 2036 2562 no-

437 2671 439 2675 ,
506 2600 571 2661 ster
592 2594 784 2678 Syradiensis
802 2596 923 2680 publice
945 2598 1131 2680 recognovit,
1154 2598 1309 2679 quandam
1331 2598 1533 2664 intervenisse
1554 2598 1747 2664 concordiam
1764 2617 1867 2665 coram
1889 2617 1925 2664 eo
1948 2604 2035 2664 tam·

506 2713 600 2779 quam
619 2717 721 2763 coram
744 2704 851 2765 nostro
875 2701 1046 2781 capitaneo,
1069 2700 1135 2782 ipso
1157 2700 1256 2765 eidem
1283 2701 1444 2766 concordie
1472 2700 1689 2766 auctoritatem
1721 2705 1923 2783 protestante,
1945 2701 2038 2768 inter

506 2798 710 2865 venerabilem
731 2801 764 2866 11
786 2801 911 2868 Christo
932 2808 1051 2886 patrem
1076 2803 1233 2867 dominum
1261 2802 1441 2882 laroslaum,
1468 2802 1572 2867 divina
1593 2801 1789 2885 providencia
1817 2809 1923 2868 sancte
1944 2803 2035 2870 Gne-

506 2901 629 2966 znensis
656 2902 783 2969 ecclesie
811 2904 1085 2987 archiepiscopum,
1116 2923 1154 2970 ex
1179 2924 1251 2986 una,
1286 2909 1318 2971 et
1349 2903 1467 2970 nobiles
1499 2905 1581 2969 viros
1613 2903 1775 2971 Nicolaum
1804 2904 2035 2987 snbagazonem

507 3004 736 3071 lanciciensem
760 3012 793 3072 11
813 3006 986 3090 Troyanum
1008 3005 1120 3073 iratres
1143 3025 1316 3088 germanos,
1349 3007 1430 3072 filios
1462 3007 1615 3087 qnondam
1644 3007 1734 3073 Pauli
1769 3006 1877 3074 Gaude
1896 3007 2035 3090 pelotini

506 3107 723 3187 Lancicicnsis,
745 3114 834 3190 parte
857 3127 894 3173 ex
912 3110 1011 3175 altera
1043 3127 1136 3192 super
1158 3109 1392 3190 hereditatibus,
1415 3105 1557 3174 videlicet
1579 3108 1748 3192 Spycimirc
1776 3116 1808 3175 11
1838 3109 2032 3192 Welscycze,

505 3209 575 3277 aitis
594 3227 690 3292 prope
712 3209 849 3293 Uneyow
869 3211 993 3294 opidum
1016 3210 1207 3303 Gneznensis
1228 3212 1364 3292 ecclesie,
1383 3229 1461 3294 quas
1482 3212 1670 3278 hereditates
1692 3212 1794 3278 dictus
1815 3213 1957 3278 dominus
1978 3231 2033 3279 ar-

505 3312 717 3395 chiepiscopus
738 3317 771 3378 et
791 3314 973 3380 1111111111
992 3313 1183 3379 Gnennensis
1201 3314 1329 3380 ecclesia
1350 3334 1406 3398 per
1427 3315 1582 3397 quandam
1603 3316 1877 3382 commutacionem
1898 3314 2033 3382 anobis

505 3415 649 3496 primitus
670 3414 839 3497 obtinebat,
860 3423 987 3499 propter
1000 3404 1085 3498 ‘quas
1106 3417 1182 3482 dicti
1210 3416 1357 3482 Nicolaus
1389 3422 1422 3483 et
1450 3418 1608 3500 Troyanus
1634 3418 1764 3484 eundem
1796 3418 1954 3484 dominum
1975 3435 2032 3483 ar-

506 3517 733 3602 chiepiscopum
757 3519 860 3602 sepius
882 3518 1072 3601 impetebant.
1117 3520 1215 3598 Quam
1230 3519 1353 3601 quidem
1382 3520 1576 3587 concordiam
1604 3540 1658 3587 seu
1690 3519 1884 3586 amicabilem
1903 3539 2032 3602 compo·

505 3619 651 3686 sicionem
672 3621 811 3703 parcium
831 3620 1051 3705 predictarum,
1073 3622 1230 3704 predictus
1251 3623 1430 3705 capitaneus
1454 3624 1518 3688 suis
1541 3623 1654 3689 litteris
1683 3623 1858 3689 roboratam
1882 3628 1955 3687 tunc
1976 3640 2033 3688 co·

505 3740 572 3788 ram
593 3723 681 3800 nobis
702 3729 736 3789 et
762 3725 877 3790 nostris
905 3724 1072 3790 baronibus
1103 3725 1244 3791 exhibuit
1276 3731 1309 3790 11
1341 3726 1542 3805 monstravit;
1575 3744 1705 3808 quarum
1734 3725 1907 3791 litterarum
1937 3729 2033 3790 tenor

506 3824 676 3907 sequitur
667 3845 699 3890 nn
714 3825 771 3891 hcc
789 3825 898 3893 verba:
921 3828 1081 3912 (Sequitur
1102 3833 1229 3906 diploma
1250 3829 1435 3911 Νν.1272.)

606 3928 672 3993 Nos
693 3929 789 4011 igitur
809 3930 945 3996 eiusdem
967 3931 1142 3997 concordie
1149 3931 1342 4013 integraliter
1362 3930 1469 3996 audito
1484 3936 1590 3996 tenore
1612 3935 1644 3997 11
1666 3949 1702 3996 eo
1717 3930 1837 4013 plenius
1858 3867 2029 4013 intellecto,

504 4047 572 4095 eam
593 4050 649 4113 per
666 4032 769 4096 omnia
790 4033 852 4097 11
843 4052 875 4097 nn
898 4038 998 4098 totum
1022 4037 1123 4097 ratam
1144 4039 1178 4098 11
1197 4039 1318 4115 gratam
1340 4032 1498 4111 habemus,
1520 4050 1557 4097 ac
1577 4033 1676 4114 ipsam
1699 4032 1738 4096 ad
1766 4032 1948 4098 instanciam
1970 4033 2029 4099 do-

505 4131 657 4198 minorum
678 4134 947 4216 archiepiscopio
969 4136 1122 4216 capitanei
1141 4135 1350 4217 predictorum
1372 4152 1410 4199 ex
1424 4139 1509 4200 certa
1523 4133 1654 4199 sciencia
1668 4135 1826 4217 perpetuis
1847 4135 2031 4202 duraturam

506 4235 696 4318 temporibus
716 4235 947 4319 approbandam
968 4237 1110 4301 duximus
1132 4241 1164 4302 et
1186 4236 1282 4301 eciam
1305 4234 1554 4314 confirmandam,
1576 4235 1667 4301 dictis
1689 4236 1817 4302 Nicolao
1832 4242 1865 4302 11
1885 4237 2030 4319 Troyano

506 4355 543 4402 ac
559 4337 700 4403 omnibus
723 4337 792 4401 aliis
816 4337 855 4403 ad
876 4356 954 4419 quos
968 4337 1198 4419 quomodolibet
1212 4339 1391 4421 pertineret,
1407 4357 1501 4421 super
1513 4338 1605 4404 dictis
1619 4338 1841 4404 hereditatibus
1863 4338 2027 4422 Spicimirz

505 4444 538 4504 ct
559 4440 735 4523 Welsoycze
757 4445 939 4521 perpetuum
961 4439 1120 4504 silencium
1143 4441 1334 4524 inponentes.
1379 4439 1416 4504 ln
1437 4441 1524 4506 onius
1545 4441 1590 4506 rei
1616 4441 1835 4521 testimonium,
1867 4447 2029 4523 presentes

504 4541 573 4606 dari
594 4541 722 4606 fecimus
744 4541 842 4606 nostri
864 4540 957 4622 sigilli
978 4542 1147 4608 munimine
1166 4542 1334 4608 roboratas.
1380 4544 1492 4608 Actum
1515 4544 1546 4607 in
1569 4541 1699 4624 Syradia
1719 4541 1796 4608 feria
1810 4550 1925 4626 quarta
1945 4544 2030 4610 infra

505 4649 629 4709 octavas
651 4643 882 4725 Assumpci'onis
903 4649 1010 4711 sancte
1031 4645 1140 4724 Mario,
1163 4664 1244 4711 anno
1267 4645 1391 4710 Domini
1413 4643 1724 4724 mecastoriam,
1755 4646 1948 4727 presentibus
1967 4646 2028 4730 hys

505 4745 652 4811 testibus:
675 4745 804 4811 Nicolao
826 4744 1001 4826 Kalisiensi,
1026 4746 1171 4812 Ymramo
1195 4747 1391 4812 cracoviensi
1421 4746 1577 4829 palatiolo,
1611 4746 1743 4811 Iorando
1774 4748 1935 4830 capitaneo
1956 4768 2029 4831 pre-

505 4846 597 4928 dicto,
627 4848 808 4914 Wilczkone
836 4848 1085 4929 Sandomiricnsi,
1115 4849 1249 4915 Henrioo
1279 4849 1453 4914 Visliciensi
1480 4848 1665 4929 castellanis,
1697 4849 1807 4915 Iacobo
1837 4850 2027 4933 Syradiensi,

504 4949 648 5017 Floriano
671 4951 861 5017 Lanciciensi
882 4951 1083 5030 cancellariis,
1108 4956 1141 5015 11
1161 4950 1231 5015 aliis
1252 4951 1359 5015 multis
1380 4950 1440 5016 fide
1467 4949 1576 5030 dignis.
1621 4951 1736 5016 Datum
1766 4971 1821 5034 per
1842 4971 1950 5018 manns
1972 4953 2030 5018 do-

505 5053 580 5118 mini
606 5053 709 5119 lacobi
738 5054 912 5120 cancellarii
941 5054 1107 5136 prenotati,
1137 5053 1286 5134 scriptum
1313 5059 1417 5118 autem
1447 5073 1502 5135 per
1531 5053 1684 5118 notarium
1714 5055 1798 5119 curie
1827 5060 1932 5120 nostre
1960 5055 2029 5121 Pri·

505 5153 646 5223 bislaum.

503 5395 506 5405 .
609 5343 788 5431 Spycimirz‚
813 5329 997 5431 Spicboierz,
1042 5342 1229 5426 Welscycze,
1258 5347 1450 5422 Wo'oozczyce.
1495 5342 1642 5426 UnayoW,
1670 5342 1806 5422 corojoo.
