4675 7067
1149 1097 1221 1180 Nr.
1255 1095 1351 1181 659.

594 1284 725 1388 liscng
751 1288 827 1369 dux
851 1287 1059 1370 Pomornnie
1084 1293 1222 1373 1290
1248 1313 1277 1375 s.
1304 1291 1353 1392 d.,
1380 1291 1421 1373 in
1447 1287 1605 1391 dneanu3
1633 1306 1739 1373 venno
1763 1309 1913 1378 aelatae
1934 1311 2019 1380 Gne

492 1405 599 1469 arensi
619 1406 710 1472 villas
731 1407 873 1474 Gmcnne
895 1411 928 1473 et
946 1407 1098 1475 Kozielec.

598 1511 791 1588 Trcmmmpe
811 1514 1029 1589 poreterdzong
1044 1531 1154 1589 prm:
1175 1459 1325 1600 Ludoliris
1348 1511 1454 1592 Kunig
1483 1508 1609 1575 Ordinis
1634 1509 1768 1577 iratnnn
1790 1509 1965 1595 Hospitalis
1987 1513 2018 1581 b.

494 1606 595 1674 blarie
615 1609 724 1676 domus
744 1611 932 1677 Tbeutoniee
951 1612 1099 1693 magister
1119 1613 1253 1694 general.
1278 1612 1362 1676 1344
1382 1612 1460 1677 Nor.
1484 1611 1536 1692 22,
1559 1611 1591 1675 in
1609 1612 1781 1694 Kyrsburg.

601 1715 739 1776 (laeam.
781 1717 898 1778 Arabia
924 1716 1464 1800 Capitulr'MctropolNr.115.-
1489 1717 1520 1783 T.
1541 1714 1727 1800 Dziotydslc',
1751 1717 1832 1782 sues
1846 1735 1885 1782 uc
1904 1735 1955 1783 rer
1967 1739 2021 1802 gc·

496 1819 569 1894 uae,
590 1815 618 1895 1,
635 1833 708 1898 pag.
731 1817 780 1883 68.

594 2019 633 2085 In
653 2023 777 2090 nomine
793 2021 917 2088 Domini
938 2040 1036 2088 amen.
1079 2022 1128 2089 Ne
1149 2041 1199 2089 res
1219 2029 1323 2106 gestas
1344 2023 1453 2106 dignus
1474 2021 1622 2087 memoria
1647 2021 1796 2089 laudabili
1821 2029 2021 2090 transcursus

496 2124 668 2201 temporum
688 2123 821 2204 aboleat,
843 2121 1003 2189 confirmat
1023 2122 1094 2189 illas
1114 2125 1280 2206 solempnis
1309 2124 1429 2208 tytulis
1448 2123 1634 2189 litterarum.
1656 2121 1739 2189 Hinc
1753 2130 1803 2190 est
1816 2125 1921 2207 igitur,
1937 2127 2023 2208 quod
2158 2125 2160 2132 '

496 2239 554 2287 nos
582 2221 691 2307 Mscng
720 2226 778 2291 Dei
804 2226 909 2308 gracia
932 2224 995 2288 dur
1016 2223 1198 2290 Pomoranie
1218 2231 1325 2291 notum
1345 2243 1413 2291 esse
1433 2224 1577 2290 volumus
1598 2222 1751 2289 universis
1772 2227 1969 2307 presentibus
1990 2234 2024 2294 et

496 2325 630 2407 posteris
650 2334 824 2409 presentem
842 2327 979 2393 litteram
1000 2327 1194 2409 inspectmis,
1216 2325 1299 2410 quod
1317 2327 1357 2392 de
1377 2343 1527 2392 consensu
1548 2324 1679 2390 illustris
1702 2326 1852 2409 principis
1865 2327 2023 2395 kasimimi

497 2423 585 2490 tilioli
607 2429 705 2493 nostri
724 2430 839 2495 domini
867 2427 1021 2494 Premislii
1039 2429 1176 2509 secundi,
1198 2429 1255 2494 Dei
1283 2429 1388 2511 gracia
1406 2428 1494 2494 ducis
1514 2427 1641 2492 Polouie
1663 2433 1696 2493 et
1718 2427 1875 2508 Craeorie,
1894 2449 2023 2499 venera·

498 2528 553 2594 bili
576 2531 660 2612 patri
687 2532 811 2598 domino
839 2530 950 2596 Iacobo
978 2530 1121 2609 emundo,
1153 2529 1212 2595 Dei
1239 2531 1346 2612 gaeso
1372 2535 1479 2596 sancte
1507 2528 1698 2595 Gneznensis
1720 2530 1849 2597 ecclesie
1870 2532 2024 2618 archiepi-

499 2646 602 2712 scopo,
624 2638 657 2698 et
678 2651 734 2716 per
753 2652 824 2700 eum
844 2632 909 2698 suis
929 2631 1156 2698 successoribus
1178 2637 1211 2697 et
1232 2631 1290 2714 ipsi
1313 2632 1489 2698 Gneznensi
1510 2631 1636 2697 ecclfflie
1654 2632 1858 2714 vendidimus,
1891 2635 2024 2701 contuli·

498 2747 568 2798 mus
595 2737 629 2799 et
656 2735 839 2801 tradidimus
867 2751 923 2816 pro
951 2734 1098 2798 merentis
1126 2732 1238 2798 marcis
1259 2733 1380 2817 argenti
1402 2732 1611 2799 Thommensis
1634 2739 1760 2799 monete
1781 2733 1860 2802 duas
1878 2736 1970 2804 villas
1992 2744 2025 2804 et

497 2832 687 2901 hereditates
712 2841 835 2902 nostras
863 2836 895 2900 in
924 2834 1105 2902 castellania
1129 2840 1237 2901 nostra
1258 2836 1297 2900 de
1319 2835 1422 2917 Sveee,
1444 2835 1585 2900 Groczno
1611 2835 1755 2902 videlicet
1789 2857 1859 2904 cum
1880 2840 1949 2906 iure
1970 2859 2025 2924 pa·

497 2941 641 3004 treuatns
661 2943 695 3004 et
715 2957 785 3005 cum
807 2943 874 3004 toto
896 2955 952 3004 sno
972 2937 1127 3020 districtu,
1153 2943 1186 3003 et
1218 2938 1333 3005 Kozlec
1358 2957 1425 3004 cum
1448 2937 1538 3004 vinea
1559 2941 1592 3003 et
1612 2937 1767 3019 pomeriis,
1789 2941 1933 3007 similiter
1955 2961 2025 3009 cum

499 3043 567 3107 toto
589 3056 645 3104 suo
666 3038 820 3120 dbtnctn,
839 3045 872 3105 et
893 3057 962 3104 cum
984 3039 1126 3105 omnibus
1139 3039 1204 3105 suis
1219 3039 1413 3122 adiacenciis,
1435 3039 1632 3124 pertinenciis
1654 3045 1688 3105 et
1707 3041 1899 3108 unitatibus
1912 3043 1946 3108 in
1962 3050 2025 3111 ter-

500 3143 545 3210 ris
572 3144 606 3206 et
630 3143 728 3224 aqna,
760 3138 977 3208 tenacioribus
1005 3146 1039 3206 et
1069 3140 1294 3224 piscacionibus
1326 3160 1395 3208 eum
1417 3141 1546 3218 retibus,
1583 3142 1745 3224 abusuris,
1779 3148 1812 3209 et
1840 3162 2025 3228 quocunque

501 3241 625 3312 nemine
646 3248 842 3323 remeantum
864 3261 934 3308 cum
963 3241 1059 3323 silvis,
1080 3242 1265 3323 nemoribus,
1287 3243 1399 3325 planis,
1421 3242 1553 3323 mericis,
1573 3243 1692 3324 insulis,
1715 3242 1894 3327 humuletis‚
1914 3249 2024 3330 pratis,

501 3351 536 3414 et
558 3343 699 3412 omnibns
726 3343 912 3429 generaliter
938 3343 1137 3424 utilitatibus,
1165 3363 1226 3428 que
1253 3350 1327 3411 sunt
1352 3346 1433 3411 infra
1457 3344 1611 3411 dictarum
1641 3346 1785 3411 villanum
1807 3349 2027 3417 terminasset

501 3467 570 3517 esse
588 3449 726 3531 poterint
744 3449 777 3514 in
796 3446 944 3513 futurum.
988 3447 1106 3512 Dentes
1128 3447 1236 3513 incolis
1256 3447 1393 3530 ipsarum
1412 3449 1566 3528 villamur,
1586 3448 1634 3512 vel
1648 3448 1675 3513 si
1689 3466 1750 3530 que
1762 3448 1845 3516 inira
1858 3452 2026 3519 earundem

502 3550 645 3618 villarum
669 3551 816 3618 terminos
837 3547 952 3614 fuerint
972 3548 1005 3613 in
1026 3547 1175 3631 iutumm,
1196 3551 1320 3633 plenam
1340 3558 1373 3617 et
1394 3550 1602 3618 omnimodam
1627 3550 1804 3619 libertatem
1823 3553 1864 3619 ab
1884 3556 2027 3622 omnibus

508 3653 644 3736 auguriis
665 3659 699 3721 et
718 3650 919 3738 perangariis,
940 3648 1148 3717 solucionibus
1169 3657 1202 3718 et
1223 3653 1438 3719 exaccionibns
1457 3659 1490 3719 et
1511 3652 1713 3720 servitutibus
1734 3653 1900 3722 ordinariis
1921 3663 1954 3723 et
1975 3677 2027 3723 er·

505 3753 728 3837 traordineriis,
749 3755 837 3821 noris
858 3757 891 3818 et
910 3750 1076 3833 veteribus,
1110 3771 1294 3837 quocunque
1315 3755 1438 3820 nomine
1457 3759 1656 3835 censeantur;
1690 3754 1860 3824 eximentes
1881 3759 1967 3840 ipsas
1981 3758 2028 3832 ,ab

507 3856 649 3928 omnibus
680 3854 937 3942 erpelicionibus,
970 3858 1075 3937 preter
1106 3855 1181 3922 dum
1213 3856 1371 3940 expedicio
1403 3875 1460 3940 pro
1492 3855 1671 3922 defensione
1700 3863 1784 3923 terre
1811 3858 1896 3924 tacta
1923 3859 2027 3940 inerit,

504 3959 627 4047 qmndo
655 3959 774 4027 instans
799 3957 953 4026 exercitus
978 3957 1163 4038 processerit
1191 3963 1303 4025 contm
1331 3963 1457 4026 terrem.
1500 3957 1545 4023 Et
1564 3957 1648 4040 quod
1665 3957 1706 4024 ed
1728 3957 1956 4026 edificacionem
1976 3961 2026 4027 rel

504 4061 734 4148 reparationem
748 4065 920 4130 castrorum
934 4057 1080 4139 omnium,
1101 4064 1207 4143 preter
1228 4060 1260 4126 id
1281 4060 1420 4144 subque
1443 4059 1560 4142 degunt
1577 4064 1611 4125 et
1632 4077 1666 4126 se
1686 4061 1737 4126 vel
1756 4078 1815 4126 sua
1827 4061 1910 4128 bona
1922 4081 2027 4129 neom·

505 4165 611 4234 sitatis
630 4169 768 4247 tempore
786 4160 949 4229 debuerint
968 4177 1160 4244 conservare,
1182 4162 1257 4229 dum
1276 4168 1344 4230 tota
1364 4161 1545 4229 castelbnia
1565 4161 1703 4229 eiusdem
1725 4163 1822 4230 castri
1841 4163 1882 4230 ad
1903 4183 2029 4248 repara·

506 4267 625 4336 donem
645 4265 695 4332 rel
714 4263 755 4332 ed
773 4262 1000 4332 medonem
1022 4263 1182 4347 compulso
1201 4264 1304 4346 tuerit,
1332 4283 1388 4349 pro
1410 4281 1517 4331 eorum
1538 4263 1685 4346 porcione
1706 4265 1832 4332 minime
1853 4271 2028 4332 teneamur.

506 4367 689 4438 liberantes
709 4367 805 4434 mam
827 4365 911 4449 ipsas
931 4363 971 4430 ab
992 4363 1075 4430 omni
1098 4369 1206 4432 nostra
1226 4365 1442 4434 iurisdiecione
1470 4371 1503 4432 et
1524 4365 1662 4432 omnium
1683 4367 1820 4433 indicum
1841 4385 1896 4434 seu
1915 4367 2029 4434 officis·

505 4471 583 4540 dum
601 4473 786 4549 nesborum,
808 4465 1041 4552 quibuscunque
1061 4464 1237 4533 nominibus
1258 4467 1452 4548 denotentur,
1475 4466 1666 4534 iurisdicioni
1688 4486 1744 4534 seu
1765 4467 1878 4534 iudicio
1893 4467 2030 4535 domino

501 4591 575 4642 rum
604 4588 730 4637 suorum
758 4567 972 4636 tantummodo
999 4567 1223 4651 relinquentem
1257 4575 1290 4636 et
1315 4569 1510 4653 generaliter,
1543 4569 1577 4634 in
1608 4570 1835 4654 remissionem
1852 4576 2030 4636 nostrorum

505 4671 716 4762 peccaminum
737 4675 770 4737 et
791 4670 1022 4756 progenitorum
1044 4674 1230 4752 nostrorum,
1252 4671 1335 4739 dicte
1355 4671 1530 4738 Gneznensi
1550 4670 1677 4737 ecclesie
1699 4671 1748 4736 ius
1768 4670 1896 4738 dominii
1918 4673 2028 4754 nostri,

506 4777 590 4863 guod
612 4775 645 4842 in
666 4773 759 4841 dietis
787 4774 870 4840 uillis
897 4771 1070 4853 habuimus,
1096 4773 1241 4840 cedentes
1270 4781 1304 4841 et
1331 4775 1442 4842 dautes
1468 4773 1502 4839 in
1528 4779 1640 4854 totum,
1667 4779 1701 4839 et
1728 4773 1833 4839 omnia
1853 4777 2033 4858 supradicta

505 4883 575 4949 inre
595 4877 723 4946 dominii
737 4881 892 4961 perpetuo
913 4873 1107 4958 possidendo.
1150 4874 1189 4940 In
1211 4877 1298 4942 cuim
1320 4877 1365 4942 rei
1386 4875 1608 4955 testimonium,
1627 4891 1754 4956 presens
1775 4876 1926 4959 scriptum
1943 4879 2028 4962 sigil-

507 4984 561 5065 lis,
583 4986 689 5049 nostro
711 4986 745 5046 et
761 4980 837 5046 dicti
857 4977 973 5044 domini
994 4975 1082 5043 ducis
1103 4974 1192 5042 tilioli
1210 4977 1311 5044 nostri
1333 4977 1490 5043 karissimi
1507 4975 1625 5042 domini
1645 4973 1827 5059 Premisslii,
1847 4977 1908 5046 Dei
1928 4981 2033 5063 gracia

506 5084 595 5154 duda
615 5082 743 5150 Polonie
762 5088 796 5149 et
816 5079 972 5161 cncede,
986 5079 1114 5146 fecimus
1128 5078 1277 5146 roborari.
1300 5081 1414 5146 Actum
1427 5079 1461 5145 in
1475 5077 1604 5145 Gnmna
1618 5096 1700 5145 anno
1714 5078 1840 5144 Domini
1854 5077 2031 5158 ldccxc,

507 5184 683 5254 indiccione
697 5183 803 5264 tercia,
825 5181 1034 5265 presentibus:
1053 5179 1190 5265 Nyoolao
1213 5180 1386 5263 Calisiensi,
1408 5178 1529 5248 Svenca
1548 5177 1702 5263 Slnpensi,
1724 5180 1822 5247 Paulo
1836 5178 1980 5246 Siccensi
1999 5182 2033 5243 et

508 5287 638 5358 Nicoleo
659 5286 699 5352 de
719 5284 840 5352 Trsoeu
860 5283 1022 5368 palatinis,
1044 5282 1183 5349 Boduata
1201 5283 1364 5360 Lendensi,
1387 5281 1517 5366 Sbylnto
1537 5281 1577 5348 de
1597 5279 1699 5348 Nakel
1714 5282 1900 5362 castellanis,
1915 5285 1949 5346 et
1962 5277 2033 5345 aliis

509 5386 678 5461 baronibus
697 5391 780 5452 terre
798 5386 925 5453 Potonie
943 5391 976 5453 et
995 5386 1177 5453 Pomeranie
1197 5385 1339 5469 pluribus
1360 5384 1421 5451 fide
1441 5383 1552 5468 dignis.

613 5575 718 5656 Sveee,
739 5576 869 5641 Soteris
913 5571 1065 5654 Grocano,
1089 5576 1233 5638 dnum.
1276 5571 1401 5652 Koulee,
1423 5575 1566 5636 Kariatas.
1593 5569 1762 5656 Slupensis,
1778 5575 1814 5634 de
1828 5567 1953 5648 serpsi,
1970 5567 2035 5632 dzr't

511 5685 639 5756 zadun.
658 5681 766 5762 Stobr.
809 5675 941 5765 uses,
967 5680 1074 5746 Tace.
1116 5675 1298 5761 leudensis
1320 5679 1357 5741 dc
1378 5675 1453 5762 Led
1495 5671 1608 5757 Nubel,
1628 5678 1736 5740 Nullo.
