4675 7067
498 848 569 920 178

495 1045 551 1127 ire,
573 1042 782 1127 inpedimento
808 1040 947 1125 quohbet
974 1039 1182 1126 pretermisso.
1225 1037 1330 1107 Navae
1354 1057 1427 1106 vero
1455 1037 1623 1107 eorundem
1648 1037 1762 1107 civium
1781 1036 1944 1123 nauhugia
1964 1056 2021 1124 pe·

493 1147 608 1213 cientes
628 1145 705 1228 ipsis
725 1144 849 1211 reshtui
869 1144 1022 1225 volumus,
1044 1148 1076 1210 et
1096 1142 1179 1209 boue
1199 1159 1260 1225 que
1280 1141 1313 1206 in
1333 1139 1465 1207 navibus
1485 1139 1612 1223 moriat,
1633 1140 1767 1209 dominis
1786 1159 1920 1226 quorum
1941 1141 2020 1209 talia

495 1246 578 1315 bona
609 1249 689 1329 ente)
710 1264 804 1330 pessa
828 1243 992 1329 naufragia
1017 1243 1153 1326 luerunt,
1183 1243 1233 1308 vel
1259 1262 1368 1311 eorum
1394 1243 1476 1309 veris
1500 1242 1675 1325 heredibus,
1709 1243 1852 1310 volumus
1881 1242 2020 1327 eplicevi

493 1348 642 1430 Scientes,
665 1348 748 1431 quod
769 1366 875 1415 omnes
896 1348 952 1430 qui
972 1346 1145 1429 predictum
1166 1343 1348 1411 mandabam
1362 1350 1504 1411 nostrum
1518 1345 1762 1428 contempserint
1779 1344 1950 1428 adinplere,
1965 1362 2021 1411 no-

494 1456 593 1517 stram
609 1449 858 1534 indignacionem
879 1450 1049 1527 incurrent,
1071 1452 1105 1513 et
1121 1448 1207 1529 ipsos
1227 1464 1284 1529 pro
1306 1451 1414 1512 noema
1434 1446 1642 1530 possibilitate
1662 1447 1696 1512 in
1717 1445 1810 1513 rebus
1831 1451 1865 1513 et
1881 1446 2022 1529 personis

492 1552 630 1636 gravitm
650 1551 824 1635 puniemus.
866 1550 984 1618 Datum
1005 1551 1039 1615 in
1057 1549 1171 1617 Brssue
1197 1547 1276 1615 ferie
1297 1547 1433 1615 secema
1453 1548 1595 1632 proxima
1615 1553 1688 1632 post
1708 1547 1791 1615 diem
1811 1548 1896 1615 beati
1917 1546 2022 1615 Iacchi

493 1654 638 1739 apostoli,
661 1653 720 1720 sub
741 1672 822 1721 anno
844 1653 943 1737 gratie
963 1652 1089 1719 Domini
1110 1649 1200 1717 MCC
1222 1651 1421 1733 nonagesimo
1441 1669 1533 1717 nono.

597 1856 788 1941 numanus,
811 1862 848 1937 a
872 1860 996 1923 cenem
1041 1854 1164 1938 araca,
1188 1854 1301 1919 erues
1320 1856 1484 1932 senesce

1155 2150 1229 2234 Nr.
1260 2145 1359 2233 818.

597 2346 829 2429 wladizlaus
848 2347 923 2427 dux
939 2344 1089 2433 Malous
1106 2344 1252 2427 Polouie
1267 2346 1332 2426 eto.
1350 2346 1486 2424 1299
1502 2341 1600 2444 hug.
1617 2344 1704 2442 23,
1717 2344 1816 2445 apud
1829 2341 2023 2447 hiantem

495 2466 588 2550 iurat,
610 2481 645 2533 se
666 2472 767 2533 terrae
787 2465 916 2533 Maioris
937 2465 1092 2545 Poloniae,
1114 2463 1154 2530 de
1172 2462 1307 2545 Poenah,
1328 2462 1486 2544 Pomone,
1515 2462 1663 2547 tempos,
1690 2463 1822 2547 Kujavy
1843 2464 1936 2531 etde
1956 2462 2023 2531 Sio-

494 2569 579 2651 rade,
602 2567 784 2636 Wenoesleo
805 2568 873 2652 regi
893 2566 1060 2634 Bohemiae
1084 2572 1224 2650 tempore
1249 2565 1386 2650 praefixo
1415 2566 1614 2648 traditurum,
1644 2570 1678 2631 ct
1704 2564 1744 2632 ab
1768 2565 1876 2633 eodem
1896 2584 1969 2650 rege
1989 2566 2023 2633 in

494 2669 620 2737 smum
641 2676 847 2754 recepturum.

598 2777 727 2839 mosten
771 2776 915 2837 Bdlmoeue
936 2774 1114 2849 Herrecbufl
1137 2776 1169 2835 ie
1196 2774 1298 2836 Pelen.
1342 2770 1465 2854 (aaa,
1494 2772 2022 2853 Repetoaoseosae,rvr.1843).

596 2975 662 3044 Nos
684 2974 875 3042 wladizam
896 2974 955 3041 Dei
969 2974 1074 3057 pach
1087 2972 1151 3039 dux
1164 2973 1294 3040 Maioris
1308 2973 1444 3056 Polonie,
1466 2974 1629 3057 Ponnanie,
1651 2974 1845 3057 Pomorauie,
1867 2975 2022 3058 Lancicie,

496 3077 633 3162 (luyavie
654 3082 688 3145 et
705 3076 844 3161 Syredie,
871 3076 912 3143 ad
932 3076 1146 3143 universorum
1167 3075 1316 3141 noticiam
1338 3081 1445 3142 tenore
1466 3078 1660 3160 presencium
1690 3077 1829 3160 cupimus
1851 3077 2021 3161 pervenire,

494 3179 583 3264 quod,
604 3198 661 3247 nos
674 3183 775 3263 grata,
796 3178 896 3245 libere
908 3196 946 3245 ac
959 3182 1131 3262 spontanea
1140 3178 1302 3244 voluntate
1316 3183 1433 3260 nostra,
1460 3179 1528 3244 siue
1540 3176 1649 3244 hande
1663 3184 1696 3245 et
1707 3179 1779 3245 dolo
1793 3198 1831 3247 ac
1841 3180 1927 3246 omni
1939 3180 2022 3246 malo

494 3282 627 3364 ingenio,
656 3282 749 3348 tectis
779 3282 984 3349 sacrosanctis
1013 3280 1190 3363 &angellis
1217 3278 1347 3345 iurando
1373 3280 1578 3363 corporaliter
1603 3280 1814 3363 promittimus
1841 3280 1905 3348 fide
1932 3281 2022 3363 bona,

493 3383 578 3466 quod
595 3383 728 3467 Pragam
749 3382 789 3449 ed
810 3382 1008 3467 magnificum
1029 3382 1201 3465 principe·
1221 3380 1380 3447 dominum
1401 3381 1618 3448 wenceslaum
1639 3400 1743 3465 regern
1756 3382 1892 3464 Boemie,
1913 3383 2023 3450 ducem

495 3483 643 3551 dracone
669 3490 702 3550 et
728 3482 922 3551 Sandomirie
950 3482 1221 3565 marchionemque
1248 3482 1396 3563 Moravie,
1426 3482 1553 3550 affinem
1580 3488 1722 3549 nostnrm
1752 3484 1960 3560 kanssimum,
1989 3484 2022 3550 in

494 3587 633 3672 proxime
660 3590 792 3653 venture
821 3586 925 3669 vigilie
951 3584 1136 3652 Nouanus
1163 3584 1289 3651 Domini
1313 3586 1518 3667 personaliter
1544 3586 1711 3668 veniemus,
1742 3587 1827 3652 omni
1852 3588 2022 3665 occasione,

493 3688 676 3771 exceptione
707 3692 740 3753 et
768 3688 977 3769 excusatione,
1009 3704 1101 3771 ques,
1132 3692 1170 3752 nt
1198 3704 1261 3752 non
1285 3688 1469 3768 veniremus,
1504 3705 1664 3770 possemus
1708 3706 1902 3771 quocumque
1931 3689 2023 3754 modo

494 3807 659 3875 opponere,
683 3790 897 3874 proculmotis.
941 3788 1015 3857 Sola
1037 3789 1193 3873 corporali
1219 3789 1402 3856 infirmitate
1429 3790 1593 3856 dumtaxat
1613 3796 1751 3874 excepta,
1775 3808 1871 3873 quem
1892 3790 1920 3856 si
1941 3789 2024 3873 quod

494 3892 579 3959 absit
605 3892 831 3959 incurreremus
853 3892 987 3973 interim,
1011 3897 1045 3958 et
1065 3892 1138 3959 talis
1164 3910 1202 3957 ac
1223 3896 1287 3956 tam
1315 3890 1461 3957 notabilis
1491 3897 1618 3974 amque
1638 3892 1743 3974 gravis
1763 3898 1856 3975 esset,
1887 3892 1970 3976 quod
1991 3896 2024 3959 et

495 4011 552 4061 uos
571 4000 605 4062 ct
625 3994 795 4078 quemlibet
815 3994 921 4075 alium,
944 3994 1107 4060 sublimem
1127 3993 1177 4059 vel
1199 3992 1357 4073 humilem,
1379 3993 1436 4075 qui
1456 3998 1616 4076 pateretur
1635 3993 1775 4077 eandem,
1797 3999 1904 4077 posset
1925 3994 2023 4060 racio-

496 4096 642 4163 nabiliter
664 4114 821 4177 excusare,
850 4096 897 4160 ita
918 4094 1001 4178 quod
1021 4098 1150 4178 propter
1175 4094 1276 4177 ipsam
1296 4093 1330 4159 in
1347 4094 1440 4160 dictis
1460 4095 1529 4162 looo
1549 4100 1582 4161 ct
1603 4096 1736 4162 termino
1757 4096 1863 4162 venire
1883 4096 1924 4162 ad
1945 4095 2022 4161 dicti

495 4199 576 4283 regis
594 4198 786 4282 presenciam
807 4213 870 4262 non
891 4214 1060 4279 possemus,
1091 4200 1206 4260 extunc
1226 4194 1345 4276 statim,
1367 4213 1438 4261 cum
1459 4195 1498 4262 de
1518 4196 1587 4279 ipsa
1606 4196 1789 4265 infirmitate
1806 4197 1873 4263 Deo
1899 4197 2022 4264 volente

494 4299 750 4379 convaluerimus,
778 4298 812 4364 in
833 4302 968 4380 quatuor
993 4296 1236 4380 septimanarum
1257 4296 1371 4378 specio,
1399 4296 1491 4363 adia
1511 4316 1574 4379 qua
1594 4298 1695 4380 primo
1721 4299 1754 4363 iu
1776 4298 2024 4365 muralesoenoie

494 4400 686 4467 infirmitatis
708 4400 806 4482 ipsius
828 4398 969 4482 equitare
982 4398 1153 4482 reperimus
1167 4398 1375 4481 conputando,
1397 4397 1438 4465 ad
1455 4398 1532 4465 dicti
1546 4401 1628 4483 regis
1642 4400 1834 4482 presenciam
1848 4400 2024 4483 ubicunque

494 4502 528 4567 in
550 4502 642 4568 terris
663 4502 727 4567 suis
747 4499 843 4567 fuerit
864 4501 1031 4581 veniemus,
1053 4504 1086 4566 et
1106 4499 1266 4565 venientes
1290 4503 1365 4567 tuuc
1383 4499 1423 4565 ed
1444 4500 1546 4583 ipsum
1568 4518 1681 4583 regem,
1703 4501 1737 4566 in
1751 4502 1819 4569 loco
1833 4508 1867 4568 et
1880 4503 1931 4568 die
1945 4519 2024 4584 qnos

495 4603 537 4671 ad
557 4602 616 4669 hoo
636 4604 704 4686 ipse
725 4622 780 4669 rex
800 4602 925 4670 duxerit
945 4601 1110 4685 ehgendos,
1133 4602 1200 4667 sine
1222 4600 1408 4669 difficultate
1429 4602 1535 4687 aliqua
1560 4607 1660 4670 terres
1674 4603 1740 4669 sive
1753 4604 1884 4671 ducatus
1898 4610 2022 4671 uostms

494 4704 624 4771 hiaimh
643 4704 780 4787 Polonie,
800 4703 964 4787 Poznanie,
986 4702 1180 4784 Pomorenie,
1203 4703 1356 4785 Lancicie,
1380 4702 1518 4788 Ouyevie
1539 4709 1573 4769 et
1585 4702 1724 4787 Syradie,
1747 4723 1818 4772 cum
1832 4706 2021 4788 cintatibm,

495 4806 618 4889 cestria
645 4806 756 4890 opidis,
775 4806 868 4888 villis,
894 4805 1069 4873 hominibus
1088 4813 1154 4873 tam
1175 4806 1329 4873 nobilibus
1357 4826 1452 4889 quam
1473 4807 1683 4891 popularibus,
1706 4810 1818 4893 titulis,
1841 4811 2020 4892 honoribus,

494 4908 615 4993 officiis,
643 4908 799 4977 beneficiis
820 4908 1035 4976 ecclesiasticis
1065 4914 1098 4975 et
1118 4909 1320 4990 seculanbus,
1350 4913 1384 4974 at
1404 4909 1475 4974 aliis
1496 4928 1602 4975 eorum
1628 4908 1748 4975 iuribus
1770 4916 1803 4977 et
1823 4912 2023 4996 pertinenciis

494 5012 655 5093 universis,
682 5012 766 5078 dicto
788 5010 854 5093 regi
874 5010 997 5093 publice
1026 5016 1059 5077 et
1077 5012 1295 5094 inperpetuum
1313 5009 1495 5077 donabimus
1520 5016 1554 5078 st
1574 5011 1799 5095 resignabimus
1820 5033 1857 5081 ec
1879 5015 2023 5081 cedem

493 5112 591 5179 libero
611 5112 651 5179 de
671 5111 804 5191 eisdem3
833 5111 917 5193 ipsas
938 5129 958 5177 a
980 5111 1119 5194 predicto
1140 5130 1214 5194 rege
1235 5129 1305 5177 cum
1326 5110 1545 5195 solempnitate
1570 5112 1677 5179 dehita
1697 5116 1882 5199 recipiemus
1901 5116 1936 5181 in
1955 5115 2023 5183 feu·

493 5214 577 5294 dum,
599 5220 632 5279 et
652 5212 861 5297 prestabimus
882 5210 941 5277 sibi
961 5211 1121 5279 fidelitatis
1140 5217 1174 5278 et
1191 5211 1326 5295 homagii
1348 5230 1417 5279 cum
1438 5214 1637 5296 expressione
1658 5216 1795 5283 omnium
1816 5218 2022 5285 articulorum

495 5316 549 5398 qui
570 5316 772 5398 requirvmtur
791 5314 825 5379 in
847 5312 961 5379 talibm
982 5319 1164 5381 consuetum
1183 5320 1217 5381 et
1237 5314 1376 5383 debibnn
1396 5316 1615 5398 iuramentum,
1634 5336 1691 5400 per
1711 5336 1768 5385 nos
1788 5323 1822 5385 et
1843 5318 1972 5385 herodes
1986 5336 2025 5386 ac

496 5434 688 5483 succesores
706 5420 840 5495 nostros,
871 5413 964 5482 duces
984 5415 1153 5483 ducatuum
1176 5416 1395 5500 predictorum,
1420 5418 1602 5501 apredicto
1623 5438 1697 5502 rege
1717 5425 1751 5487 et
1771 5420 1837 5486 suis
1857 5420 2025 5489 heredibus

495 5535 532 5585 ac
553 5515 790 5598 successoribus,
812 5514 937 5597 regibus
959 5522 992 5582 et
1012 5534 1108 5600 reguo
1129 5518 1265 5600 Boemie,
1288 5517 1446 5585 habendas
1467 5525 1501 5585 et
1521 5520 1671 5588 tenendas
1692 5521 1760 5588 iure
1781 5539 1818 5588 ec
1840 5522 1934 5588 titulo
1957 5521 2024 5589 leu-

493 5618 572 5698 dali;
594 5621 628 5685 at
647 5617 733 5700 quod
752 5617 888 5700 deipsis
909 5618 1079 5685 semhmus
1100 5624 1260 5703 perpetuo,
1283 5638 1321 5687 ac
1341 5618 1491 5687 aciamus
1512 5622 1651 5706 predicto
1673 5623 1740 5705 regi
1758 5627 1793 5689 et
1806 5621 1972 5699 heredibus
1985 5642 2024 5692 ea

492 5718 720 5789 sucomsoribue
739 5721 815 5803 suis,
837 5720 919 5789 sicut
939 5720 1071 5805 quilibet
1088 5722 1280 5789 feudatarius
1300 5740 1358 5789 suo
1379 5722 1514 5806 domino,
1536 5730 1570 5791 et
1587 5722 1833 5807 specialiter'alii
1847 5724 2023 5808 feudatarii,
