4675 7067
1777 855 1846 942 eol

324 1071 512 1151 attemptare
532 1062 764 1148 presumpserit,
786 1062 1027 1147 indignationem
1051 1061 1271 1146 omnipotentis
1293 1063 1351 1129 Dei
1373 1070 1405 1130 et
1426 1064 1587 1131 beatorum
1608 1065 1693 1132 Petri
1716 1071 1748 1132 et
1761 1067 1850 1133 Pauli

326 1170 537 1253 apostolorum
558 1169 625 1234 eius
647 1186 681 1233 se
704 1167 826 1232 noverit
847 1167 1051 1232 incursurum.
1082 1166 1198 1232 Datum
1215 1167 1365 1232 hvinione
1378 1167 1408 1230 X
1421 1167 1578 1232 Kalendas
1601 1168 1753 1250 Octobris,
1774 1188 1850 1252 pon-

325 1270 462 1337 tificatus
484 1272 582 1336 nostri
604 1288 684 1335 anno
707 1274 804 1334 sexto.

426 1492 560 1573 Sandek,
585 1496 729 1565 Saadecz,
752 1495 828 1569 czyd‘
850 1494 936 1585 Sper.

972 1820 1045 1903 Nr.
1080 1816 1205 1903 1026.

428 2031 601 2112 Hinrious
629 2031 705 2111 dux
731 2029 859 2111 Silesis
887 2033 922 2111 st
949 2031 1117 2112 dominus
1145 2031 1319 2132 illogovis
1346 2035 1476 2110 1322
1504 2033 1602 2114 Febr.
1631 2041 1691 2132 11,
1718 2035 1759 2114 in
1786 2034 1852 2116 Pa·

326 2135 461 2234 rudium
489 2157 590 2216 ratam
611 2150 705 2216 habet
723 2149 921 2215 donationem
937 2150 1117 2215 hereditatis
1132 2151 1242 2232 Zyrsk,
1264 2170 1283 2215 a
1304 2148 1463 2231 fratribus,
1485 2151 1577 2217 dictis
1599 2152 1758 2236 Benewyz,
1782 2172 1848 2218 mo-

328 2255 464 2320 nasterio
485 2253 624 2336 Paradyt
645 2250 769 2318 factam.

434 2360 572 2435 Repudia.
618 2357 788 2418 Bibliotelca.
833 2356 973 2426 Parada,
993 2356 1056 2418 Lib.
1074 2358 1175 2431 privii
1199 2359 1234 2433 A,
1257 2357 1310 2418 Nr.
1335 2358 1384 2420 76.

431 2575 469 2640 In
491 2575 614 2640 nomine
642 2573 766 2638 Domini
794 2592 893 2638 amen.
939 2573 1028 2638 Licet
1052 2573 1245 2655 principatus
1272 2575 1371 2638 nostri
1401 2576 1615 2640 excellenciam
1637 2577 1677 2642 ad
1695 2577 1856 2643 universos

330 2685 363 2745 et
384 2679 521 2760 singulos
543 2679 701 2742 dexteram
724 2696 778 2741 sue
800 2677 997 2741 liberalitatis
1019 2676 1127 2741 deceat
1148 2677 1322 2756 extendere,
1345 2678 1377 2740 in
1396 2677 1467 2741 illos
1482 2683 1586 2741 tamen
1601 2679 1707 2759 pocius
1722 2695 1777 2743 sue
1792 2680 1857 2761 pie-

332 2781 407 2846 tatis
429 2779 522 2844 debet
543 2778 735 2843 dulcedinem
757 2777 923 2858 effundere,
946 2779 999 2859 qui
1022 2785 1200 2859 contempta
1215 2778 1306 2843 huius
1322 2779 1416 2843 seculi
1433 2779 1581 2858 vanitate,
1606 2778 1722 2843 Christi
1738 2797 1771 2844 se
1786 2780 1857 2862 iugo

330 2882 499 2947 subiiciunt
517 2885 550 2945 et
570 2880 638 2944 Deo
660 2881 773 2961 iugiter
801 2881 833 2944 in
863 2881 1050 2962 spmoeritate
1072 2882 1184 2945 mentis
1209 2886 1241 2945 et
1269 2881 1406 2963 corporis
1432 2881 1632 2945 famulantur.
1676 2881 1740 2945 Nos
1763 2882 1860 2963 igitur

330 2983 489 3061 HinricuS,
511 2982 569 3046 Dei
591 2982 696 3062 gracia
716 2982 779 3046 dun
801 2981 910 3047 Silesie
934 2987 966 3047 et
984 2983 1126 3047 dominus
1148 2982 1307 3064 Glogovie,
1337 2983 1377 3048 ad
1404 2983 1550 3047 noticiam
1571 2983 1783 3048 universomm
1806 3000 1859 3048 cu·

330 3085 431 3167 pimus
453 3084 622 3165 pervenire,
644 3082 819 3164 quodcum
841 3083 979 3164 lacobuS,
1002 3084 1150 3149 Nicolaus
1173 3090 1206 3149 et
1227 3084 1360 3163 Beenen,
1390 3083 1503 3147 iratres
1533 3084 1608 3148 dicti
1635 3083 1795 3166 Benewyz,
1825 3084 1858 3148 in

330 3186 540 3251 remissionem
555 3185 766 3266 peccaminum
781 3204 907 3250 suorum
921 3204 958 3250 ac
973 3186 1204 3268 progenitorum
1219 3185 1385 3250 eorundem
1401 3185 1605 3250 hereditatem
1619 3184 1734 3249 dictam
1748 3185 1858 3268 Zyrslr,

331 3288 423 3352 sitam
444 3287 478 3350 in
498 3287 643 3351 districtu
665 3286 880 3366 Mezerecensi,
900 3304 969 3351 curn
991 3286 1133 3351 omnibus
1154 3288 1219 3352 suis
1241 3287 1448 3369 pertinenciis,
1472 3287 1553 3368 agris
1568 3287 1661 3351 cultis
1675 3295 1707 3352 et
1722 3287 1858 3367 incultis,

331 3388 503 3469 mellificiis,
525 3390 624 3470 aquia,
647 3388 880 3470 piscacionibus,
903 3388 1012 3469 pratis,
1032 3389 1165 3471 pascuis,
1196 3390 1292 3469 silvis,
1323 3388 1450 3469 rubetis,
1479 3380 1644 3471 paludibus
1666 3395 1699 3454 et
1718 3389 1860 3456 omnibus

331 3491 395 3556 suis
417 3490 638 3570 usufructibus,
660 3492 742 3555 sicut
762 3491 795 3554 in
816 3491 880 3555 suis
905 3490 1044 3554 terminis
1066 3496 1099 3554 et
1122 3490 1379 3555 circumferenciis
1399 3490 1439 3555 ab
1454 3491 1592 3571 antiquis
1607 3490 1796 3572 temporibus
1811 3497 1861 3556 ast

331 3592 489 3671 distincta,
512 3592 699 3658 monasterio
721 3598 827 3657 sancte
846 3591 945 3656 Marie
967 3592 1096 3672 virginis
1118 3592 1150 3656 in
1172 3591 1321 3657 Paradiso
1342 3590 1467 3656 Ordinis
1491 3591 1714 3672 cisterciensis
1742 3592 1861 3658 Pozna·

331 3694 447 3759 niensis
468 3694 608 3774 diocesia
631 3713 687 3759 nec
708 3714 770 3758 non
793 3693 951 3758 monachis
973 3693 1049 3757 inibi
1069 3694 1135 3758 Deo
1158 3693 1402 3758 deservientibus
1423 3693 1626 3758 tradidissent
1639 3700 1673 3758 et
1687 3713 1791 3760 coram
1806 3712 1861 3760 no-

332 3796 380 3861 bis
401 3796 484 3861 bona
504 3796 665 3860 voluntate
685 3813 722 3860 ac
742 3795 914 3860 liberaliter
934 3795 1153 3876 resignassent,
1176 3812 1233 3859 nos
1254 3794 1379 3876 quidem
1401 3795 1528 3859 eandem
1547 3795 1746 3861 donacionem
1762 3801 1794 3861 et
1811 3815 1861 3862 re·

332 3898 538 3979 signacionem
559 3903 681 3978 gratam
695 3902 728 3962 et
742 3903 844 3962 ratam
858 3897 1017 3977 habentes,
1042 3898 1140 3978 ipsum
1155 3898 1308 3979 presentis
1323 3897 1431 3978 scripti
1445 3897 1617 3978 patrocinio
1633 3896 1859 3978 confirmamur,

334 3996 525 4063 conferentes
544 3997 643 4064 eidem
664 3999 851 4064 monasterio
873 4016 930 4063 nec
951 4018 1013 4062 non
1034 3998 1193 4064 monachis
1213 3999 1267 4079 qui
1289 3997 1402 4063 ibidem
1425 4017 1481 4080 pro
1503 4003 1641 4079 tempore
1670 3996 1786 4063 inerint
1811 3998 1858 4063 di·

339 4105 423 4164 ctam
444 4099 649 4164 hereditatem
672 4099 773 4181 Zymlr
796 4118 865 4164 cum
888 4100 1029 4166 omnibus
1057 4101 1121 4165 suis
1147 4101 1346 4181 pertinenciis
1373 4101 1440 4167 iure
1461 4101 1671 4182 proprietatis,
1697 4101 1778 4166 sicut
1801 4101 1865 4167 alia

334 4219 440 4266 eorum
461 4200 542 4266 bona
564 4204 680 4280 tenent,
703 4200 735 4265 in
758 4208 941 4283 perpetuum
962 4202 1187 4284 possidendam.
1224 4202 1260 4266 ln
1283 4203 1370 4267 cuius
1392 4203 1437 4267 rei
1459 4203 1680 4281 testimonium,
1701 4207 1862 4284 presentes
1985 4268 1990 4275 ,

335 4304 410 4385 ipsis
433 4302 574 4368 dedimus
595 4302 693 4367 nostri
715 4302 808 4383 sigilli
830 4305 998 4368 munimine
1020 4304 1190 4369 roboratas.
1236 4304 1349 4369 Actum
1371 4309 1403 4369 et
1425 4305 1532 4370 datum
1554 4304 1586 4368 io
1606 4305 1754 4370 Paradiso
1781 4321 1863 4370 anno

335 4405 460 4470 Domini
481 4403 643 4468 millesimo
664 4405 879 4469 trecentesimo
897 4405 1045 4485 vigesimo
1067 4405 1211 4484 secundo,
1239 4406 1335 4470 tercio
1365 4404 1439 4469 Idus
1466 4406 1636 4486 Februarii,
1666 4405 1864 4488 presentibus

335 4507 450 4572 nostris
465 4504 622 4570 fidelibus:
646 4505 788 4570 Conrado
803 4504 842 4570 de
858 4505 995 4588 Clepzsz,
1018 4506 1190 4571 Ramvoldo
1205 4505 1244 4570 de
1258 4506 1402 4589 Ketblyz,
1425 4506 1563 4572 Iohanne
1577 4507 1615 4572 de
1630 4506 1863 4587 Sonnenwalde,

335 4608 451 4673 Ottone
474 4608 512 4672 de
534 4606 766 4687 Grunenbercb,
799 4606 944 4671 Matrone
973 4606 1012 4671 de
1038 4606 1212 4688 Gurigowe,
1246 4606 1383 4672 Iohanne
1403 4607 1442 4672 de
1466 4608 1583 4687 Lusita,
1614 4613 1647 4673 et
1676 4609 1805 4675 Nicolao
1826 4607 1865 4673 de

336 4711 477 4775 Sandwel
498 4716 606 4776 nostro
629 4709 843 4791 protonotario
865 4715 898 4774 et
915 4709 985 4774 aliis
1006 4709 1148 4791 plurimis
1169 4708 1230 4775 fide
1251 4709 1362 4790 dignis.

438 4930 549 5013 Zyrsk,
572 4953 589 4993 z
610 4934 772 4994 ntemieclca
796 4935 912 4994 Seeren.
957 4929 1188 5010 Mezerecensis,
1211 4933 1248 4993 de
1272 4934 1483 5015 Mipdzyrzecz.
1528 4929 1703 5010 Paradisus,
1734 4933 1866 4992 tlasztor

337 5038 487 5113 Parodyi.
532 5032 670 5115 Clepzsz,
697 5054 771 5097 zum.
795 5039 932 5113 Klepzip,
961 5036 1109 5096 nuzmidm
1132 5031 1288 5110 aymortetj
1309 5032 1429 5109 Sardic'j
1452 5035 1569 5109 samih'i.
1614 5030 1764 5112 Sandwel,
1788 5035 1864 5095 San·

339 5140 490 5201 delmalde.
